1811 2933
323 264 518 300 Pausanias
548 275 629 300 cum
662 264 730 301 hoc
757 265 836 302 loco
865 265 953 301 nihil
985 265 1056 301 nisi
1077 264 1212 300 variam
1233 264 1422 300 lectionem
1446 275 1489 299 ex
1512 263 1625 300 Hero-

219 326 304 362 doto
334 324 492 368 adnotet‚
522 324 632 361 verba
661 325 737 372 ipsa
767 325 1074 362 commentarium
1104 336 1179 362 non
1208 324 1430 361 desiderant.

323 385 569 421 Intelleximus
603 385 713 432 igitur
747 386 914 423 universa
948 386 1110 422 locorum
1144 385 1235 422 serie
1264 390 1450 433 perspecta
1480 396 1626 433 semper

218 448 292 484 fere
311 445 524 482 Pausaniam
555 457 646 493 quae
675 446 710 482 in
739 447 903 483 fontibus
928 447 1004 483 suis
1024 446 1182 494 legisset,
1211 457 1293 482 oum
1316 445 1501 483 Herodoto
1522 457 1625 482 com-

217 516 364 555 parare,
395 516 502 553 quem
532 505 569 541 in
598 505 688 543 libro
718 507 744 543 Ι.
774 512 840 551 ter,
871 507 912 543 11.
934 512 1000 551 ter,
1031 507 1089 544 ΙΙΙ.
1115 507 1181 551 bis,
1210 506 1265 543 lv.
1287 507 1412 550 semel,
1441 508 1477 543 V.
1501 507 1623 550 semel,

218 566 260 602 X.
282 565 475 613 quinquies
504 565 671 602 laudavit.
739 567 813 603 lam
843 578 928 604 vero
963 568 1209 615 quaerendum
1239 567 1392 609 videtur,
1429 578 1516 603 num
1547 566 1623 602 aliis

218 637 363 675 quoque
400 625 484 662 locis
523 626 661 662 occulta
699 627 872 665 Herodoti
913 628 1059 677 vestigia
1101 628 1137 664 in
1179 627 1381 676 periegetae
1419 627 1519 664 libris
1558 626 1623 663 de-

217 687 393 735 prehendi
422 686 621 734 possint*).

217 813 411 851 (quamquam
440 813 477 842 de
508 822 601 842 seusu
628 811 764 843 dubitari
788 823 846 842 non
870 813 987 853 potest)
1015 812 1180 851 scriptoris
1204 811 1312 842 verbis
1336 821 1393 841 non
1417 811 1622 842 inseruissem

218 862 279 892 nisi
310 861 544 901 perspicuitatis
572 871 664 892 causa
694 862 834 892 lacunam
863 863 1035 893 evitandam
1065 872 1134 892 esse
1164 861 1364 899 censuissem,
1391 861 1532 900 quoniam
1564 863 1623 891 hoc

217 912 287 941 loco
317 921 376 941 non
406 912 442 942 de
466 912 573 942 verbis
600 911 714 942 sedfde
737 921 771 942 re
794 913 862 952 ipsa
885 913 999 951 agitur.
1043 911 1267 942 Valckennerii
1290 915 1393 941 autem
1416 912 1621 950 transpositio

218 961 367 991 audacior
390 966 440 992 est
461 971 548 1001 quam
571 960 706 991 felicior.

303 1010 328 1046 *l
353 1010 437 1050 Quae
459 1012 545 1041 ··mihi
579 1011 637 1041 hoc
671 1011 740 1041 loco
771 1020 867 1050 usque
896 1011 933 1041 ad
957 1011 1046 1041 finem
1069 1011 1241 1050 perducere
1264 1020 1322 1040 non
1346 1010 1456 1048 licuit,
1489 1011 1621 1051 amplius

218 1061 349 1100 exposui
373 1061 465 1100 libro,
488 1062 539 1101 qui
562 1071 632 1091 mox
657 1062 794 1091 Berolini
817 1062 896 1100 apud
921 1061 1144 1091 Weidmannos
1168 1060 1315 1100 prodibit.
