1811 2933
140 1694 171 1723 11

787 129 1055 168 -20--

212 240 289 276 eius
331 251 465 286 genere
509 250 576 275 nec
611 251 685 275 nou
715 239 760 275 de
795 250 899 275 causa
935 237 1173 274 dedicationis
1203 237 1403 284 subiungit.
1461 237 1625 274 Herodo—

211 307 290 338 tum
320 301 432 349 igitur
467 300 657 348 exscripsit
686 300 901 337 Pausanias:
938 306 1059 336 tamen
1098 299 1128 335 si
1165 299 1367 336 accuratius
1404 299 1512 336 verba
1547 299 1624 346 ipsa

212 362 430 410 inspexeris,
466 361 536 399 hoc
572 362 651 398 loco
687 366 887 409 utrumque
922 360 1139 408 scriptorem
1178 359 1296 397 verbis
1331 360 1404 397 fere
1433 371 1624 409 nunquam

213 434 416 470 congruere
437 422 587 469 videbis,
616 423 679 459 sed
710 422 926 460 Pausaniam
948 422 1051 469 quasi
1080 422 1251 458 consulto
1279 422 1357 458 aliis
1385 422 1533 458 vocibus
1552 421 1623 457 uti:

212 495 320 531 quem
352 494 494 520 morem
524 487 649 531 postea
679 483 823 530 saepius
853 483 1196 519 animadvertemus.
1252 482 1345 518 Dicit
1373 493 1438 530 pro
1469 481 1625 531 οἰκέτης

211 541 289 580 ἐών
316 565 368 569 —
395 542 609 591 γενόμενος
651 540 812 589 δοῦλος,
855 544 1003 591 ταμίας
1045 553 1108 590 pro
1150 540 1386 591 ἐπίτροπος,
1430 542 1623 589 οἴχεσθαι

210 615 277 650 pro
307 601 536 639 ἐκπίπτειν.
581 603 652 638 Sed
682 614 764 639 cum
794 603 977 649 eleganter
1005 603 1142 638 variare
1161 603 1266 639 vellet
1285 603 1487 639 orationem
1508 614 1622 646 suam,

210 664 402 700 obscuram
442 674 522 699 eam
561 662 737 699 reddidit:
781 663 886 699 aliter
921 664 1017 700 enim
1048 667 1203 711 possunt
1230 663 1380 711 intelligi
1410 668 1518 712 atque
1547 663 1623 711 ipse

211 725 339 767 voluit,
383 736 465 761 cum
509 736 551 760 ex
593 724 637 760 iis
676 724 825 760 Anaxila
868 724 976 761 etiam
1022 724 1100 760 vivo
1128 724 1325 772 Micythum
1368 724 1463 761 bona
1505 725 1623 761 admi-

209 784 384 820 nistrasse
414 789 450 820 ct
478 789 560 831 post
590 784 684 831 regis
714 788 869 820 mortem
899 785 1023 821 statim
1055 785 1208 831 Tegeam
1238 796 1277 821 se
1305 785 1502 821 contulisse
1532 795 1622 821 con-

209 845 353 881 cludere
381 844 577 892 possimus.
634 845 752 888 Quare
782 856 864 881 eum
902 845 996 893 quod
1027 844 1263 893 negligentius
1293 844 1468 881 Herodoti
1503 845 1620 888 verba,

208 916 316 952 quam
348 905 549 947 debuisset,
577 907 730 941 referret
761 906 1009 941 Pfundtnerus
1041 905 1326 953 vituperavit²³)‚
1356 905 1391 941 id
1421 906 1518 953 quod
1547 916 1621 941 non

208 965 392 1001 concedo:
428 970 551 1012 potest
587 965 685 1001 enim
723 965 816 1001 idem
848 964 964 1001 verbis
992 965 1114 1001 inesse
1143 976 1273 1001 sensus
1302 965 1363 1013 qui
1394 965 1620 1009 Herodoteis,

208 1036 278 1061 nec
306 1032 379 1061 tam
402 1026 627 1061 accusandus
648 1026 792 1061 videtur
811 1026 1005 1072 periegeta‚
1036 1025 1131 1072 quod
1153 1025 1337 1072 negligens
1357 1025 1479 1068 fuerit,
1509 1037 1619 1073 quam

208 1086 304 1132 quod
333 1085 555 1122 sententiam
586 1097 690 1121 suam
720 1085 825 1133 plana
856 1090 965 1133 atque
993 1085 1181 1133 perspicua
1218 1084 1383 1121 oratione
1417 1085 1619 1133 exprimere

207 1156 282 1182 non
312 1146 485 1194 potuerit.
532 1146 581 1182 Re
609 1146 686 1193 ipsa
716 1157 799 1182 cum
830 1146 1016 1182 Herodoto
1045 1145 1219 1182 adsentiri
1249 1156 1369 1193 neque
1389 1145 1482 1182 aliud
1513 1146 1618 1193 quid-

206 1218 313 1253 quam
345 1207 389 1242 de
417 1206 574 1253 Micytho
604 1206 697 1242 scire
725 1206 795 1242 nisi
825 1207 921 1254 quod
952 1206 1125 1242 historiae
1154 1211 1255 1253 pater
1277 1205 1534 1254 narraverit²⁹)
1554 1217 1618 1253 pro

205 1272 305 1302 certo
336 1266 602 1303 affirmaverim.

310 1403 363 1439 Ab
393 1403 484 1440 libro
516 1402 570 1440 VI.
602 1414 717 1451 usque
746 1402 791 1439 ad
819 1402 877 1438 lX.
909 1401 1115 1438 Herodotus
1145 1413 1219 1439 non
1249 1403 1426 1440 laudatur.

778 1597 965 1633 LIBER
1008 1596 1050 1632 X.

989 1682 1072 1718 Iler.
1112 1682 1183 1718 Vll.
1223 1681 1297 1718 202
1319 1694 1373 1731 sq.
1420 1679 1524 1732 ἦσαν
1569 1683 1614 1721 δὲ

940 1740 1050 1779 οἵδε
1076 1740 1317 1792 Ἑλλήνων
1346 1741 1385 1781 οἳ
1418 1741 1613 1794 ὑπομέ-

940 1815 1107 1847 νοντες
1134 1801 1217 1841 τὸν
1235 1805 1432 1855 Πέρσην
1460 1803 1503 1842 ἓν
1521 1803 1615 1843 τού-

939 1876 993 1913 τῳ
1022 1863 1078 1914 τῷ
1104 1863 1238 1914 χώρῳ·

257 1686 288 1720 1.
321 1685 425 1721 Paus.
460 1684 503 1720 X.
539 1683 600 1727 20,
632 1684 644 1718 1
672 1694 749 1730 sqq.
793 1680 876 1719 ἐπὶ

200 1746 275 1794 μέν
315 1758 359 1791 γε
404 1742 489 1780 τὸν
534 1742 707 1793 ,Μῆδον
758 1739 877 1792 ἄφί-

201 1818 344 1843 κονι·ο
374 1803 581 1841 τοσοίδε
607 1801 871 1852 Ἑλλήνων·

282 2013 322 2051 ²⁸)
346 2014 376 2043 in
403 2013 598 2044 Fleckeiseni
623 2012 786 2043 annalibus
811 2012 850 2042 99
869 2013 1023 2052 p,44lsq.

281 2064 319 2101 2⁹)
346 2064 505 2103 copiosius
537 2064 573 2093 de
603 2063 745 2103 Micytho
779 2063 932 2093 disseruit
956 2063 1110 2093 Diodorus
1140 2063 1195 2095 XI.
1217 2065 1274 2102 593
1304 2066 1354 2103 66,
1389 2075 1477 2105 quem
1508 2070 1610 2097 tamen

197 2122 294 2153 neque
324 2114 426 2153 ipsum
451 2123 548 2153 neque
573 2114 641 2144 eius
667 2113 782 2143 sontem
809 2123 825 2143 a
850 2113 1006 2144 Pausania
1030 2114 1204 2154 inspectum
1228 2125 1296 2146 esse
1320 2125 1358 2146 ex
1381 2126 1417 2146 eo
1442 2117 1493 2148 vel
1518 2117 1612 2148 intel-

195 2164 325 2202 ligitur,
357 2165 436 2203 quod
460 2164 615 2194 Anaxilae
643 2164 695 2194 hic
724 2168 859 2194 aetatem
891 2165 1131 2203 perversissime
1154 2166 1192 2195 ad
1217 2165 1265 2196 Ol.
1289 2166 1401 2197 XXIX
1423 2166 1524 2199 refert
1547 2167 1609 2206 (IV.

195 2214 245 2251 23,
271 2215 322 2251 10)
347 2225 413 2244 cum
438 2215 494 2245 ille
517 2219 604 2245 recte
629 2224 695 2244 eum
720 2215 768 2244 01.
789 2214 1162 2255 LXXI‚3-—-LXXVI‚1
1190 2226 1340 2255 regnasse
1357 2218 1487 2248 diceret.
1518 2219 1610 2249 Multi

194 2264 230 2293 de
253 2264 311 2294 hoc
328 2263 502 2295 Pausaniae
526 2275 637 2295 errore
662 2265 872 2304 scripserunt,
895 2266 1020 2303 egregie
1037 2270 1140 2296 autem
1157 2266 1317 2297 Bentleius
1334 2268 1366 2297 in
1383 2268 1609 2300 dissertatione

193 2313 372 2343 clarissima
404 2314 442 2343 do
466 2314 644 2345 Phalaridis
674 2314 818 2354 epistolis
843 2315 960 2354 scripta
983 2325 1011 2355 p.
1027 2315 1191 2346 192—212
1215 2315 1275 2355 (ed.
1301 2317 1352 2347 W.
1378 2317 1529 2357 Ribbeck)
1552 2319 1609 2349 hoc

192 2363 261 2392 loco
279 2363 461 2394 Pausaniam
486 2364 566 2394 falsa
588 2364 715 2395 tradere
739 2365 978 2396 demonstravit.
1005 2365 1042 2395 cf.
1061 2370 1224 2405 praeterea
1249 2366 1458 2408 Barthelemy,
1484 2369 1610 2409 ‘voyage

192 2412 234 2442 dic
252 2413 352 2451 jezme
374 2414 586 2444 Anacharsc's’
609 2415 657 2444 ed.
674 2413 927 2454 Fischer—Haupt
943 2414 1005 2445 Vll.
1032 2425 1057 2455 p.
1076 2416 1136 2446 207
1147 2426 1209 2456 sqq.
1235 2421 1267 2447 et
1282 2416 1417 2458 Philippi
1435 2417 1605 2449 Kohlmann

190 2462 393 2501 quaestiones
411 2464 623 2495 Messeniacas
647 2464 737 2504 (diss.
754 2464 856 2502 inaug.
884 2466 967 2495 Bonn
987 2466 1078 2504 1860)
1103 2477 1130 2506 p.
1150 2467 1188 2496 53
1198 2477 1252 2507 sq,
1277 2468 1326 2507 qui
1351 2478 1417 2498 cum
1434 2469 1606 2500 Pausaniae

191 2522 330 2542 errorem
360 2514 398 2543 ad
424 2514 534 2544 Rhiani
558 2514 752 2544 Messeniaca
783 2515 980 2546 referendum
1004 2525 1073 2546 esse
1096 2522 1255 2554 censeret,
1285 2518 1497 2548 coniecturam
1520 2529 1605 2550 suam

191 2563 251 2592 etsi
284 2564 355 2593 veri
379 2574 438 2594 non
463 2565 649 2596 dissimilem
673 2575 759 2606 esse,
790 2571 893 2596 tamen
917 2565 1115 2597 fundamento
1139 2567 1216 2598 satis
1240 2567 1326 2598 firmo
1350 2577 1443 2607 egere
1467 2569 1534 2610 ipse
1558 2570 1604 2600 in-

189 2613 327 2643 tellexit.
