1811 2933
749 128 1023 165 -14-

175 236 272 284 quod
301 236 374 272 iam
403 235 552 284 Pythiae
580 236 701 272 verbis
728 236 953 284 praedictum
983 240 1096 279 esset,
1132 246 1225 283 quae
1261 246 1351 272 num
1379 235 1585 274 Herodotus

175 307 251 333 non
286 296 507 334 intellexerit
540 300 601 333 aut
629 296 748 334 sciens
778 308 899 334 veram
928 295 1270 344 interpretationem
1305 297 1587 345 praetermiserit

174 368 213 393 se
242 357 419 394 dubitare.
475 357 538 393 llle
566 367 652 393 vero
681 368 769 394 sane
798 367 874 394 non
903 356 952 393 ita
981 356 1161 393 intellexit
1190 356 1378 393 oraculum
1406 356 1462 393 uti
1492 357 1586 394 Pau-

175 416 305 461 sanias,
348 417 413 453 sed
455 416 631 453 miraculo
673 417 831 465 quodam
874 416 1109 464 perterritum
1140 415 1367 453 Cleomenem
1411 428 1455 453 ex
1483 416 1587 464 Argi-

174 487 302 512 vorum
333 480 430 513 terra
457 475 651 514 revertisse
681 477 800 513 tradit.
845 476 907 513 Sic
934 476 1032 513 enim
1060 486 1120 513 res
1149 480 1267 524 gestas
1288 481 1448 513 enarrat:
1477 476 1585 514 Cleo—

180 536 278 573 meni
306 536 513 585 Apollinem
542 537 750 574 consulenti
778 548 999 586 responsum
1029 536 1153 574 datum
1182 548 1221 573 se
1249 537 1364 585 Argos
1393 542 1586 586 capturum

177 608 277 642 esse,
305 597 544 645 quamobrem
574 608 657 634 cum
694 598 732 634 in
760 598 945 646 Tirynthis
980 598 1169 645 regionem
1197 597 1403 642 invaderet,
1440 597 1587 646 Argivos

177 657 358 706 Hesipiae,
388 669 481 706 quae
502 662 557 695 est
579 669 693 706 prope
713 658 926 706 Tirynthem
955 658 1033 701 sita,
1063 658 1203 695 obviam
1226 658 1258 695 ei
1278 658 1434 702 venisse,
1462 658 1586 707 ibique

176 722 373 766 utrumque
416 718 614 755 exercitum
657 723 773 755 castra
807 719 984 768 posuisse.
1040 718 1133 755 Tum
1162 718 1313 766 Argivos
1343 718 1495 762 veritos,
1537 729 1585 755 ne

174 778 257 815 dolo
291 779 548 827 deciperentur
580 778 772 827 (memoria
809 779 908 817 enim
954 779 1129 817 tenebant
1171 779 1357 816 'oraculum
1399 791 1419 816 a
1459 779 1587 827 Pythia

174 839 327 886 datum),
357 839 518 876 hostium
549 850 729 887 praecone
757 840 810 877 uti
840 840 1084 877 constituisse.
1140 839 1212 876 Sed
1241 839 1492 882 Cleomenem,
1522 839 1585 888 qui

174 899 208 935 id
239 899 481 946 cognovisset,
511 899 579 935 alia
613 910 830 947 praeconem
872 900 1112 948 pronuntiare
1153 899 1219 937 alia
1261 899 1411 936 iussisse
1450 899 1585 937 milites

174 959 305 996 facere.
361 959 481 1003 Quare
510 959 682 1008 deceptos
711 960 859 1007 Argivos
888 960 1023 997 multos
1052 959 1201 1008 quidem
1230 959 1326 996 ferro
1354 960 1583 1003 interemtos,

175 1020 298 1068 plures
328 1025 470 1067 autem,
500 1020 562 1069 qui
598 1020 636 1056 in
664 1020 749 1068 Argi
778 1032 907 1058 nemus
936 1020 1203 1069 confugissent,
1238 1020 1444 1070 proditione
1477 1025 1587 1069 atque

173 1080 257 1127 igne
285 1086 435 1117 necatos
465 1091 556 1117 esse.
601 1080 681 1124 Quo
702 1082 796 1117 facto
816 1092 939 1129 regem
960 1092 1043 1118 cum
1064 1080 1278 1129 quaesisset,
1309 1081 1412 1118 cuius
1433 1081 1585 1118 deorum

173 1150 305 1177 nemus
334 1145 430 1177 esset
458 1151 615 1184 sacrum,
644 1140 892 1190 audiissetque
911 1141 1008 1190 Argi,
1039 1140 1261 1188 cognovisse,
1290 1141 1383 1192 ultra
1412 1140 1480 1178 sibi
1499 1152 1586 1189 pro-

175 1201 274 1248 gredi
303 1212 378 1237 non
407 1213 485 1238 esse
514 1212 533 1237 a
553 1201 628 1238 fato
649 1202 906 1246 constitutum,
936 1214 1008 1250 qua
1027 1201 1209 1239 sententia
1232 1201 1406 1239 miraculo
1426 1201 1584 1250 quodam

173 1261 314 1298 firmata
343 1261 493 1298 domum
523 1261 748 1298 revertisset.
805 1262 986 1306 Quoniam
1028 1268 1149 1299 autem
1180 1261 1384 1298 Herodotus
1418 1261 1508 1298 nihil
1542 1262 1585 1298 de

173 1320 337 1358 Telesilla
368 1322 541 1364 narravit,
569 1322 730 1370 ignotam
761 1322 794 1359 ei
820 1323 933 1360 fuisse
961 1323 1057 1359 illam
1079 1323 1124 1359 de
1145 1322 1284 1370 poetria
1311 1321 1477 1359 fabellam
1506 1332 1586 1359 cer-

173 1381 359 1418 tissimum
388 1386 466 1427 est3
505 1382 602 1430 quod
632 1383 662 1418 si
691 1393 818 1419 verum
849 1388 916 1427 est,
947 1383 1050 1420 aliter
1079 1394 1163 1419 eum
1193 1382 1414 1419 intellexisse
1445 1382 1582 1419 oraculi

171 1442 391 1480 sententiam
421 1448 533 1491 patet.
576 1446 695 1492 Atque
724 1444 793 1480 hoc
821 1443 969 1493 quidem
1000 1442 1197 1480 Pausanias
1218 1453 1365 1491 quoque
1392 1441 1493 1488 vidit,
1522 1442 1585 1480 sed

172 1502 298 1550 paucis
327 1503 447 1540 verbis
476 1504 735 1551 praetermittit
771 1515 854 1541 cum
889 1504 932 1540 ad
961 1504 1149 1540 Telesillae
1177 1502 1368 1540 historiam
1397 1504 1584 1554 oraculum

171 1574 213 1599 ex
242 1562 427 1600 Herodoto
456 1569 620 1600 sumtum
650 1564 870 1602 adnecteret.
914 1564 965 1601 Ac
993 1564 1151 1613 primum
1182 1563 1329 1611 quidem
1349 1563 1436 1600 illud
1468 1563 1584 1600 mani-

169 1623 306 1660 festum
344 1629 399 1660 est
426 1625 638 1672 Argivarum
676 1626 813 1662 luctum
844 1624 888 1662 ab
917 1624 1103 1662 Herodoto
1131 1624 1176 1661 ad
1205 1624 1380 1672 coniuges
1418 1624 1585 1672 filiosque

170 1683 375 1720 Cleomenis
395 1684 496 1720 iussu
515 1684 713 1721 trucidatos
733 1685 871 1722 referri.
915 1685 1066 1732 Reliqua
1094 1685 1125 1721 si
1143 1684 1376 1731 interpretari
1404 1684 1582 1728 volumus,

171 1744 379 1780 exeundum
408 1744 551 1781 videtur
578 1744 622 1781 ab
653 1744 790 1782 ultimis
810 1744 987 1789 versibus,
1018 1745 1079 1793 qui
1099 1744 1194 1793 apud
1214 1744 1334 1781 solum
1356 1744 1582 1782 Herodotum

170 1804 420 1841 inveniuntur.
469 1804 683 1849 (Pausanias
712 1805 809 1843 enim
840 1797 976 1854 quique
1005 1817 1088 1842 eum
1117 1804 1287 1842 exscribit
1316 1804 1443 1843 Suidas
1473 1804 1585 1841 omit-

169 1864 284 1909 tunt.)
340 1863 381 1900 In
410 1864 542 1912 quibus
570 1865 677 1903 verba
712 1863 846 1909 δεινὸς
886 1862 983 1914 ὄφις
1010 1861 1232 1914 τριέλικτος
1272 1864 1385 1913 ipsius
1413 1864 1499 1912 Argi
1540 1863 1584 1900 ab

171 1923 313 1970 Argivis
348 1924 434 1960 culti
464 1935 600 1961 numen
629 1925 833 1972 significare
861 1930 1024 1973 apparet,
1067 1924 1246 1973 siquidem
1278 1924 1335 1960 ille
1364 1923 1474 1961 simul
1502 1934 1585 1960 cum

169 1983 254 2020 viriS
284 1983 413 2021 occisis
442 1980 709 2033 ἀπώλετο’]);
736 1990 815 2022 tum
844 1984 917 2023 τὸν
937 1982 1086 2034 ἄρσενα
1114 1985 1249 2022 victum
1278 1984 1323 2021 ad
1353 1984 1586 2021 Cleomenem

168 2044 404 2082 referendum
446 2056 545 2090 esse,
588 2046 697 2084 verba
734 2050 857 2083 autem
900 2042 925 2096 ἦ
965 2042 1119 2096 θήλεια
1153 2046 1198 2083 ad
1228 2045 1444 2094 Argivorum
1479 2045 1585 2082 deam

168 2105 359 2151 Heramw)
388 2117 486 2143 unus
515 2107 671 2156 quisque
699 2108 883 2145 concedet.
938 2107 1028 2144 'rota
1056 2111 1178 2144 autem
1207 2106 1470 2143 Halicarnassei
1497 2115 1583 2142 nar-

253 2251 292 2289 21)
316 2251 421 2290 Argus
454 2252 532 2291 apud
562 2252 754 2292 Aeschylum
776 2250 879 2281 Prom.
903 2250 964 2281 676
998 2248 1127 2281 Kirchh.
1163 2254 1195 2280 et
1216 2249 1400 2280 Acusilaum
1422 2248 1584 2289 (Apollod.

169 2301 244 2332 bibl.
269 2301 319 2339 36,
344 2301 384 2332 30
409 2302 517 2340 Bekk.)
550 2307 684 2333 vocatur
706 2297 847 2343 γηγενής
869 2300 909 2332 cf.
932 2300 1027 2331 Bekk.
1053 2301 1171 2331 Anecd.
1195 2311 1223 2341 p.
1241 2300 1321 2330 442:
1349 2296 1587 2342 Ἀργειφόντης

169 2368 207 2373 -
233 2348 447 2392 ὀφιοκτόνος.

253 2401 294 2439 ²²)
319 2403 400 2432 Haec
417 2401 568 2433 Odofredi
585 2401 733 2432 Muelleri
757 2402 800 2440 (in
817 2401 900 2431 libro
919 2401 970 2441 qui
987 2401 1175 2431 inscribitur
1198 2400 1260 2431 ‘dio
1274 2399 1398 2431 Dorier'
1421 2398 1443 2430 1.
1467 2409 1495 2439 p.
1514 2398 1585 2428 174.

170 2456 232 2482 not.
250 2452 268 2481 3
292 2453 339 2482 ed.
357 2453 569 2490 Schneidew.)
586 2453 807 2492 interpretatio
832 2452 903 2482 ideo
928 2451 1003 2481 mihi
1026 2450 1178 2481 Herodoti
1201 2450 1310 2480 verbis
1333 2450 1437 2490 aptior
1459 2448 1587 2479 videtur

168 2511 238 2532 esse
260 2511 349 2541 quam
373 2502 502 2533 Henrici
525 2502 640 2533 Steinii
661 2503 709 2541 (in
732 2502 872 2533 editione
889 2501 1064 2539 Herodoti),
1087 2501 1140 2541 qui
1156 2500 1313 2540 Hesipiam
1336 2499 1423 2530 illam
1448 2493 1587 2537 θήλειαν

168 2561 237 2582 esse
270 2552 412 2592 putavit3
445 2557 573 2592 poterat
595 2553 676 2583 enim
701 2553 884 2583 Cleomenes
907 2551 945 2582 ab
969 2551 1049 2582 Hera
1073 2551 1195 2591 quidem
1219 2550 1283 2581 dici
1306 2550 1409 2580 vietus
1433 2558 1520 2587 esse,
1547 2547 1585 2577 ab

169 2602 298 2641 Hesipia
321 2602 460 2633 minime.
