1811 2933
161 258 180 288 6

775 143 1047 181 -16-

312 249 346 286 3.
391 250 496 286 Paus.
528 250 569 286 ll.
609 250 671 292 30,
692 251 728 286 4.
784 248 834 287 τά
862 249 908 288 δὲ
936 250 976 295 ἐς
1004 250 1075 301 τὴν
1108 246 1321 301 Αὐξησίαν
1350 252 1418 290 καὶ
1435 253 1613 302 Δαμίαν,

204 307 257 354 ὥς
286 306 359 358 οὐχ
386 304 456 347 ὗεν
484 307 505 348 ὁ
534 309 637 354 θεὸς
659 307 956 360 Ἐπιδαυρίοις,
987 308 1039 355 ὠς
1066 311 1118 348 τᾶ
1136 309 1261 355 ξόανα
1287 313 1414 350 ταῦτα
1441 311 1485 350 ἐκ
1512 325 1612 362 μαν-

201 372 312 415 τείας
339 368 586 421 ἐποιήσαντο
628 369 768 416 ἐλαίας
796 371 889 422 παρ’
914 368 1147 422 Ἀθηναίων
1173 370 1379 422 λαβόντες,
1423 370 1476 418 ὥς
1497 370 1610 412 Ἐπι-

202 430 365 482 δαύριοι
395 430 468 480 μὲν
500 428 571 469 οὐκ
606 428 815 482 ἀπέφερον
856 431 915 470 ἔτι
951 430 1193 482 Ἀθηναίοις
1222 430 1248 470 ἃ
1282 432 1497 478 ἐτάξαντο,
1543 431 1612 471 οἷα

200 493 443 542 Αἰγινητῶν
485 490 660 540 ἐχόντων
686 492 737 529 τὰ
766 490 1006 543 ἀγάλματα,
1040 491 1276 543 Ἀθηναίων
1309 493 1354 532 δὲ
1395 489 1610 531 ἀπώλοντο

203 551 243 590 οἳ
271 550 487 603 διαβάντες
515 551 580 590 ἐπ’
608 549 711 590 αὐτὰ
739 551 780 597 ἐς
812 554 1007 601 Αἴγιναν,
1036 554 1190 593 ταῦτα
1209 552 1449 597 εἰπόντος
1474 552 1610 602 ἹΙρο-

201 612 350 651 δότου
378 613 496 651 καθ’
526 614 734 652 ἕκαστον
762 610 919 652 αὐτῶν
946 613 1027 652 ἐπ’
1056 612 1267 665 ἀκριβὲς
1295 612 1353 652 οὕ
1374 628 1463 665 μοι
1491 612 1610 665 γροί-

201 686 319 724 φειν
347 671 468 711 κατὰ
494 671 687 723 γνώμην
713 670 767 723 ἧν
808 670 861 711 εὖ
896 676 1260 725 προειρημένα,
1299 674 1405 725 πλην
1438 673 1609 712 τοσοῦτό

199 749 244 782 γε
273 730 337 772 ὅτι
367 731 480 772 εἶδόν
507 748 549 772 τε
576 733 624 772 τὰ
652 731 865 783 ἀγάλματα
893 733 958 772 καὶ
988 733 1121 773 ἔθυσά
1149 745 1271 786 σφισι
1299 734 1401 773 κατὰ
1427 734 1479 773 τὰ
1506 732 1610 773 αὐτὰ

200 794 316 832 καθὰ
344 793 392 845 δή
422 796 491 832 καί
514 793 715 833 Ἐλευσῖνι
744 793 866 832 θύειν
892 793 1144 844 νομίζουσιν.

306 856 450 893 Damiae
493 856 737 904 Auxesiaeque
780 856 899 893 cultus
950 867 1015 892 cur
1056 856 1239 904 Epidauro
1290 856 1463 903 Aeginam
1505 861 1608 893 tran—

199 917 320 960 sierit,
367 916 540 953 discimus
582 928 626 953 ex
667 916 853 953 Herodoto
886 917 924 953 V.
947 916 1112 961 82--84‚
1156 917 1218 964 qui
1260 916 1381 953 omnia
1422 917 1606 964 quomodo

198 977 416 1015 accidissent
458 977 626 1026 deinceps
669 977 834 1015 narravit.
905 977 1151 1020 Quamobrem
1198 989 1281 1014 cum
1331 976 1527 1014 Pausanias
1568 977 1606 1013 in

198 1038 356 1086 Aeginae
385 1037 628 1085 descriptione
656 1037 848 1073 simulacra
884 1036 1034 1073 dearum
1073 1042 1410 1081 commemorasset,
1447 1036 1604 1073 fabulam

197 1110 240 1135 ex
269 1098 454 1135 Herodoto
482 1098 640 1146 sumpsit
666 1097 720 1134 vel
750 1096 871 1145 potius
899 1097 1052 1134 lectores
1080 1097 1124 1134 ad
1154 1097 1248 1135 illius
1290 1097 1413 1141 libros
1434 1098 1604 1134 evolven-

197 1158 264 1195 dos
292 1158 503 1195 adhortatus
532 1163 598 1195 est.
654 1157 759 1201 Quod
793 1161 914 1195 autem
954 1157 1058 1200 dicit,
1102 1158 1229 1194 eodem
1260 1158 1367 1195 modo
1397 1169 1469 1206 quo
1508 1158 1605 1206 apud

197 1218 402 1256 Eleusinios
431 1218 500 1255 coli
528 1219 632 1262 deas,
666 1218 753 1255 illud
783 1229 929 1267 quoque
957 1218 1162 1255 Herodotus
1192 1219 1373 1267 copiosius
1401 1218 1604 1263 illustravit,

196 1280 256 1327 qui
286 1279 418 1316 choros
448 1280 626 1316 femineos
655 1279 782 1316 diebus
811 1279 914 1316 festis
956 1280 1088 1316 saltare
1130 1279 1374 1328 mulieresque
1417 1279 1604 1327 indigenas

196 1340 396 1388 petulantia
425 1340 588 1387 iocisque
617 1339 787 1388 persequi
815 1339 984 1384 tradidit3
1026 1351 1119 1388 quae
1154 1340 1273 1377 omnia
1307 1340 1345 1376 in
1373 1340 1484 1377 sacris
1513 1351 1603 1388 quo-

196 1411 266 1447 que
294 1399 492 1437 Eleusiniis
521 1399 656 1437 usitata
684 1399 798 1436 fuisse
825 1400 911 1437 satis
939 1405 1069 1436 notum
1099 1404 1165 1437 est.
1234 1400 1454 1448 Ceteroquin
1482 1406 1604 1438 autem

195 1460 410 1507 cognatione
438 1472 586 1509 quoque
616 1460 828 1497 coniunctas
857 1472 934 1498 esse
949 1461 1104 1509 quadam
1127 1472 1210 1498 cum
1231 1461 1361 1498 Cerere
1389 1466 1426 1497 et
1454 1461 1606 1498 Proser-

194 1521 279 1568 pina
308 1520 395 1556 deas
422 1520 501 1557 illas
529 1525 703 1568 agrestes,
732 1520 954 1568 quibuscum
984 1521 1147 1569 compari
1175 1526 1331 1568 possunt
1358 1521 1482 1557 Thallo
1502 1521 1604 1558 Auxo

194 1581 311 1629 Carpo
327 1581 619 1625 Atheniensium,
642 1580 740 1617 Cleta
769 1580 940 1617 Phaenna
969 1580 1354 1624 Lacedaemoniorum,
1384 1581 1486 1618 Cleso
1507 1580 1605 1617 Tau-

193 1642 331 1689 ropolis
360 1641 639 1689 Megarensium,
670 1641 787 1689 quivis
816 1641 973 1679 libenter
1001 1641 1190 1678 concedet.

756 1791 945 1829 LIBER
986 1793 1044 1830 ΙΙΙ.

248 1878 281 1912 1.
319 1876 425 1913 Paus.
445 1876 503 1913 111.
524 1876 560 1920 2,
581 1876 603 1913 3
613 1887 667 1924 sq.
699 1874 804 1912 ἔτεσι
825 1875 871 1913 δὲ
983 1875 1065 1912 Her.
1090 1877 1115 1912 Ι.
1137 1875 1199 1912 65.
1259 1870 1500 1924 Λυκούργου
1527 1875 1607 1913 τῶν

191 1933 359 1986 ὕστερον
388 1934 435 1973 οὗ
463 1935 636 1979 πολλοῖς
665 1934 870 1984 Λαβώτας
931 1936 1220 1985 Σπαρτιητέων
1254 1934 1424 1984 δοκίμου
1460 1933 1607 1984 ἀνδρὸς

190 1993 213 2033 ὁ
234 1993 500 2046 Ἐχεστράτου
519 1994 590 2045 την
610 1992 734 2045 ἀρχὴν
754 1993 869 2043 ἔσχεν
930 1991 1127 2039 ἐλθόντος
1162 1994 1202 2038 ἐς
1234 1993 1419 2044 Δελφοὺς
1455 1993 1526 2031 ἐπὶ
1560 1993 1606 2031 τὸ

189 2054 233 2093 ἓν
251 2050 437 2106 Σποῖρτῃ.
473 2056 612 2094 τοῦτο
622 2069 643 2095 ν
661 2055 712 2094 τὸ
721 2070 744 2095 ν
763 2059 869 2094 Λα-
929 2051 1183 2105 χρηστήριον,
1192 2051 1245 2098 ὠς
1254 2053 1365 2104 ἐσήιε
1374 2052 1414 2097 ἐς
1425 2050 1470 2091 τὸ
1481 2055 1605 2103 μέγα·

190 2113 621 2164 βώταν“Ηρο’δοτος
641 2115 690 2153 ἒν
708 2116 769 2167 τῷ
788 2114 867 2153 λό-
931 2125 1011 2163 ρον,
1029 2111 1152 2157 εὐθὺς
1167 2111 1190 2164 ἦ
1208 2115 1350 2163 Πυθίη
1366 2112 1473 2160 λέγει
1488 2111 1605 2150 τάδε·

188 2189 252 2226 γῳ
271 2176 333 2227 τῷ
352 2174 398 2220 ἒς
416 2178 634 2227 Κροῖσον
652 2174 747 2214 ὑπὸ
763 2178 868 2214 Λυ-
972 2180 1073 2224 ἥκεις,
1120 2179 1147 2214 ὦ
1174 2181 1366 2225 Λυκόοργε,
1414 2181 1498 2224 ἐμὸν
1529 2184 1608 2214 ποτὶ

190 2234 398 2285 κούργου
418 2236 503 2274 τοῦ
522 2238 737 2286 θεμένου
760 2234 868 2280 τούς
1248 2236 1351 2265 πίονα
1373 2231 1455 2272 νηὸν

189 2295 367 2345 ι,όμους
387 2311 449 2348 φη
463 2297 541 2335 σὶν
566 2296 868 2347 ἕπιτροπῦυ-
972 2284 1057 2324 Ζηνὶ
1086 2284 1186 2325 φίλος
1218 2284 1275 2315 καὶ
1306 2283 1414 2316 πᾶσιν
1441 2281 1606 2326 Ὀλύμπια

241 2358 258 2367 ...
447 2363 464 2372 ,,
554 2355 572 2367 ,ι
1249 2330 1378 2374 δώματ’
1401 2333 1548 2374 ἔχουσιν.

188 2358 223 2394 θ
234 2371 257 2406 η
267 2370 289 2395 ν
299 2371 326 2394 α
339 2372 352 2394 ι
384 2356 520 2395 παιδα
549 2370 658 2394 οντα·
732 2359 775 2394 Λ
784 2369 842 2394 εω
851 2379 866 2384 “
974 2382 1049 2418 δίζω
1083 2379 1103 2422 ἢ
1138 2391 1175 2414 σε
1209 2381 1291 2414 θεὸν
1324 2378 1556 2424 μαντεύσομαι
1586 2378 1606 2423 ἢ

188 2419 345 2467 βωτην
384 2416 438 2454 δέ
479 2415 527 2455 οἳ
567 2419 773 2455 τίθεται
815 2416 869 2455 τὸ
1250 2429 1441 2476 ἄνθρωπον.

189 2474 345 2527 ὄνομα
386 2477 468 2514 καὶ
510 2474 563 2515 οὗ
610 2475 868 2526 Λαβώταν.
975 2479 1606 2524 ἀλλ’ἔτικαὶμᾶλλονθεὸνέλπομαι,

190 2564 327 2574 ......
357 2535 482 2587 ἔθηκε
511 2536 556 2575 δὲ
584 2537 652 2575 καὶ
684 2538 870 2589 Λυκοῦρ-
1249 2528 1276 2562 ὦ
1298 2529 1483 2573 Avxdopye.

189 2609 258 2642 γος
291 2596 641 2646 Λακεδαιμονίοις
675 2597 767 2642 τοὺς
800 2597 870 2636 νό-
933 2596 979 2636 οἳ
1007 2598 1094 2648 μὲν
1121 2597 1177 2649 δή
1204 2612 1336 2642 τινες
1355 2598 1477 2648 πρὸς
1494 2597 1607 2637 τού-
