1811 2933
224 248 634 302 Λακεδαιμόνιοι
687 248 726 288 οἳ
789 247 890 299 μετὰ

224 314 439 357 Λεωνίδου
480 306 787 360 τριακοσίων
833 308 889 348 οὗ

220 377 468 419 πλείονες,

225 436 468 484 Τεγεᾶται
563 430 888 470 πεντακόσιοι

219 498 286 537 καὶ
315 496 362 533 ἐκ
395 493 703 535 Μαντινείας
732 492 853 536 ἴσοι,

218 615 351 666 παρὰ
438 613 490 651 δὲ
563 610 889 661 Ὀρχομενίων

213 670 460 729 Ἀρκάδων
509 673 671 711 εἴκοσί
716 685 764 709 τε
810 669 889 708 καὶ

219 735 417 781 ἑκατόν,
453 731 551 772 ἀπὸ
591 732 644 771 δὲ
677 733 771 770 τῶν
799 729 888 768 ἄλ-

218 799 309 837 λων
335 795 499 845 χίλιοι
528 794 619 831 τῶν
647 792 696 830 ἐν
719 790 887 841 ’Λρκα-

218 860 305 906 δίᾳ
332 854 546 899 πόλεων,

218 915 524 966 ὀγδοήκοντα
557 914 613 951 δὲ
641 913 690 950 ἐκ
723 915 888 961 Μυκη-

218 980 328 1023 νῶν,
382 974 462 1013 καὶ
514 973 562 1011 ἐκ
610 973 888 1016 Φλιοῦντος

218 1034 500 1079 διακόσιοι,
542 1031 809 1071 διπλάσιοι
838 1032 891 1070 δὲ

211 1095 401 1136 ’τούτων
436 1096 733 1145 Κορίνθιοι·

267 1277 608 1326 παρεγένοντο
682 1273 735 1311 δὲ
804 1273 886 1311 καὶ

216 1337 452 1375 Βοιωτῶν
487 1332 796 1373 ἑπτακόσιοι
839 1333 887 1371 ἐκ

218 1398 499 1442 Θεσπείας,

266 1458 347 1496 καὶ
377 1459 617 1508 Θηβαίων
657 1454 887 1506 τετρακό-

215 1529 330 1557 σιοι.

265 1579 428 1627 χίλιοι
463 1574 516 1615 δὲ
547 1578 756 1615 Φωκέων
789 1575 886 1628 ἐφύ-

213 1639 364 1678 λασσον
405 1638 479 1689 μὲν
520 1638 591 1689 τὴν
627 1637 811 1688 ἄτραπον
844 1637 888 1676 ἓν

212 1701 258 1753 τῇ
290 1702 406 1751 Οἴτῃ,
441 1698 724 1750 πρόσεστιν
757 1698 802 1737 δὲ
830 1699 888 1750 τῷ
943 1698 1232 1740 Ὀπούντιοι

214 1761 338 1800 παντὶ
363 1758 581 1811 Ἑλληνικῷ
615 1760 681 1797 καὶ
712 1758 733 1798 ὁ
763 1757 887 1809 ἀριθ-

214 1822 288 1872 μὸς
316 1820 338 1860 ὁ
366 1819 529 1860 τούτων.
575 1820 807 1872 Λοκροὺς
836 1820 886 1859 δὲ

214 1882 324 1927 τοὺς
352 1878 450 1920 ὑπὸ
470 1882 531 1931 τῷ
551 1880 657 1931 ὄρει
686 1883 741 1935 τῇ
763 1881 886 1931 Κνή-

211 1941 323 1991 μιδι
360 1940 623 1992 “Ηρόδοτος
671 1940 758 1992 μὲν
804 1939 887 1989 οὐχ

212 1999 471 2052 ὑπήγαγεν
533 2002 580 2047 ἐς
640 2001 887 2053 ἀριθμόν,

213 2060 317 2101 ἀλλ’
339 2061 619 2114 ἀφικέσθαι
641 2063 769 2114 σφᾶς
788 2061 884 2102 ἀπὸ

212 2124 382 2162 πασῶν
418 2123 510 2174 ἔφη
550 2125 644 2162 τῶν
672 2123 885 2163 πόλεων.

210 2184 492 2236 τεκμήρασθαι
531 2184 576 2223 δὲ
606 2183 788 2235 ἀριθμὸν
816 2187 884 2223 καὶ

210 2243 362 2284 τούτων
408 2245 516 2283 ἔστιν
569 2244 767 2292 ἐγγύτατα
813 2247 884 2284 τοῦ

211 2302 412 2355 ἀληθοῦς·
456 2303 495 2351 ἒς
528 2306 774 2356 Μαραθῶνα
807 2306 883 2357 γὰρ

203 2362 423 2417 Ἀθηναῖοι
458 2367 530 2405 σὺν
575 2365 713 2416 ἡλικία
754 2381 796 2403 τε
836 2368 883 2420 τῇ

210 2422 356 2477 ἀχρείῳ
385 2429 452 2465 καὶ
490 2425 652 2472 δούλοις
681 2426 882 2475 ἐνακισχι-

210 2484 308 2525 λίων
337 2486 533 2538 ἀφίκοντο
555 2486 599 2526 οὗ
620 2488 803 2532 πλείους·
837 2488 881 2526 τὸ

212 2544 282 2584 οὖν
324 2547 502 2598 μάχιμον
534 2549 707 2598 Λοκρῶν
751 2547 796 2586 τὸ
842 2548 882 2593 ές

212 2607 480 2658 Θερμοπύλας
527 2609 654 2648 ἐλθὸν
706 2604 779 2648 οὐκ
833 2608 882 2648 ἄν

898 141 947 180 21

953 249 1307 298 Σπαρτιητέων
1374 261 1416 285 τε

953 307 1118 347 κόσιοι
1147 306 1317 347 ὁπλῖται

1483 260 1625 297 τριη-

953 430 1021 467 καὶ
1060 431 1338 480 Τεγεητέων
1375 429 1441 467 καὶ
1480 432 1623 467 ,Μαν-

952 491 1132 527 τινέων
1185 489 1368 537 χίλιοι,
1420 487 1623 540 ἡμίσεις

953 548 1226 599 ἑκατέρων,

951 608 1320 660 ἐξὈρχομενοῧ
1348 624 1397 647 τε
1420 612 1499 661 τῆς
1522 610 1622 661 Ἀρ-

951 669 1129 722 καδίης
1176 672 1341 709 εἴκοσι
1383 671 1462 708 καὶ
1509 670 1622 709 {xa-

950 729 1059 776 τόν,
1107 731 1187 768 καὶ
1230 732 1277 769 ἐκ
1322 732 1402 782 τῆς
1447 731 1622 783 λοιπῆς

919 778 1201 842 ῙἈρκαδίης
1229 790 1407 839 χίλιοι·
1436 793 1622 831 τοσοῦτοι

949 852 1025 901 μὲν
1046 849 1266 903 Ἀρκάδων,

1004 911 1106 950 ἀπὸ
1136 911 1185 949 δὲ
1217 912 1517 962 Κορινθίων
1544 927 1623 951 τε-

949 970 1218 1024 τρακόσιοι
1256 972 1337 1010 καὶ
1373 971 1472 1011 ἀπὸ
1503 974 1623 1012 Φλι-

950 1035 1130 1077 οῦντος
1185 1034 1474 1079 διακόσιοι,
1540 1037 1621 1072 καὶ

953 1096 1261 1145 Μυκηναίων
1289 1090 1594 1144 ὀγδώκοντα.

989 1151 1102 1193 οὗτοι
1137 1155 1212 1205 μὲν
1244 1153 1327 1193 ἀπὸ
1360 1155 1620 1206 Πελοποννή-

949 1225 1023 1253 σου

1002 1276 1253 1326 παρῆσαν,
1284 1271 1384 1314 ἀπὸ
1412 1275 1466 1314 δὲ
1494 1280 1620 1314 Βοι-

950 1337 1080 1373 ωτῶν
1102 1337 1363 1374 Θεσπιέων
1391 1351 1439 1374 τε
1468 1335 1621 1374 ἑπτα-

948 1393 1120 1435 κόσιοι

1001 1457 1080 1495 καὶ
1116 1459 1356 1508 Θηβαίων
1388 1456 1621 1508 τετρακό-

949 1530 1047 1557 σιθι.

1001 1578 1124 1629 πρὸς
1160 1578 1383 1617 τούτοισι
1411 1578 1622 1630 ἐπίκλητοι

948 1640 1131 1688 ἐγένοντο
1190 1642 1379 1690 Λοκροί
1454 1655 1505 1678 τε
1576 1639 1622 1678 οἳ

1303 1702 1622 1754 πανστρατιῇ

950 1762 1033 1799 καὶ
1064 1763 1272 1801 Φωκέων
1298 1762 1471 1810 χίλιοι.
