1811 2933
129 1947 167 1980 15

766 129 1039 169 —28-

195 242 351 281 tantum,
380 238 540 275 infantes
570 238 738 275 defensos
766 250 844 276 esse
872 239 915 276 ab
945 239 1122 286 anguibus
1150 238 1292 286 illisque
1319 239 1428 276 simul
1448 251 1530 276 cum
1550 240 1606 277 his

194 298 426 335 moriendum
456 309 534 335 esse
562 298 600 334 in
627 297 759 336 fabulis
787 298 1009 347 traditur³⁷).
1066 299 1119 335 Ex
1145 298 1204 335 illa
1233 304 1356 335 autem
1385 299 1505 336 fabula
1534 301 1606 350 (τῷ

194 355 449 409 ἀρχαιοτάτῳ
484 358 564 396 τῶν
597 356 744 405 λόγων,
776 365 815 396 ut
849 364 946 396 recte
983 359 1178 395 Pausanias
1215 358 1357 406 monet)
1393 364 1515 396 ortum
1552 365 1604 396 est

194 430 329 456 nomen
358 419 589 468 Amphicaea‚
623 420 719 468 quod
750 420 844 468 apud
873 420 1098 457 Herodotum
1129 420 1303 467 legimus:
1339 430 1423 456 nam
1452 419 1498 457 τὸ
1527 433 1606 467 χω-

193 481 283 529 ρίον
301 476 479 518 ἐοικέναι
505 480 574 518 καὶ
594 480 635 525 ἐς
653 476 748 518 τόδε
766 481 959 531 καιομένῃ
980 479 1090 529 πυρᾷ
1108 481 1225 530 φασί.
1265 481 1397 518 Contra
1418 481 1606 519 decretum

193 541 491 589 Amphictionum
531 543 574 578 de
603 542 846 578 Phocensium
882 541 1031 578 urbibus
1068 552 1163 577 anno
1193 541 1247 577 Ol.
1281 541 1366 584 108,
1397 541 1418 577 3
1447 558 1500 572 =
1529 541 1604 578 346

194 601 332 638 editum
372 601 501 638 urbem
544 602 698 650 appellat
739 602 1004 651 Amphicleam,
1046 600 1285 650 quamobrem
1328 601 1487 639 dubitari
1530 614 1605 639 non

193 666 327 710 potest,
361 661 450 710 quin
486 667 651 710 tempore
679 663 737 699 illo
766 673 804 699 re
835 673 916 699 vera
948 662 1027 699 urbi
1056 662 1167 698 fuerit
1195 666 1332 698 nomen
1361 662 1604 710 Amphicleae.

195 723 295 767 Quae
325 734 407 759 cum
435 723 482 760 ita
502 723 588 766 sint,
616 724 881 761 coniiceremus
910 728 1117 772 corruptam
1148 734 1226 760 esse
1246 723 1409 760 codicum
1431 724 1606 761 Herodoti

193 783 389 820 lectionem
426 785 513 821 satis
548 785 700 833 antiquo
735 790 914 833 tempore,
958 784 1025 821 nisi
1061 784 1295 821 coniunctum
1335 791 1433 821 esset
1470 796 1605 821 nomen

194 844 279 880 illud
317 856 399 881 cum
435 845 554 882 fabula
593 850 722 893 suapte
759 850 888 882 natura
917 856 1100 882 summam
1128 845 1381 893 antiquitatem
1410 845 1606 882 redolente.

195 904 354 941 Proinde
392 905 509 943 facere
547 917 622 942 non
658 917 854 954 possumus
891 906 979 953 quin
1016 904 1187 942 Herodoti
1223 910 1387 952 tempore
1426 905 1605 948 homines,

194 977 377 1002 memores
419 966 489 1003 iam
527 966 656 1003 veteris
697 966 857 1009 fabellae,
899 965 980 1003 urbi
1020 965 1258 1013 Amphicaeae
1294 976 1427 1002 nomen
1465 966 1606 1003 dedisse

193 1026 396 1070 credamus,
425 1026 521 1074 quod
552 1037 689 1063 nomen
719 1039 802 1064 cum
832 1026 1105 1063 oblivisceretur
1133 1026 1219 1073 quid
1249 1025 1334 1062 olim
1356 1026 1605 1073 significasset,

193 1087 318 1135 populi
348 1097 410 1123 ore
440 1091 620 1123 mutatum
650 1098 728 1123 esse
754 1086 791 1123 in
811 1086 1092 1135 appellationem
1116 1085 1228 1133 magis
1249 1085 1477 1133 perspicuam
1498 1090 1607 1135 atque

194 1148 238 1183 ad
267 1147 449 1194 vulgarem
485 1147 770 1195 popularemque
807 1158 956 1183 sensum
993 1146 1316 1189 accommodatam,
1352 1158 1444 1194 quae
1479 1152 1606 1195 postea

194 1207 336 1255 publice
372 1218 520 1255 quoque
555 1211 699 1255 recepta
737 1212 845 1243 esset.
902 1207 972 1243 Sed
1009 1216 1102 1242 nova
1137 1206 1209 1241 huc
1243 1205 1380 1242 accedit
1415 1207 1606 1244 difficultas

194 1267 303 1303 tertio
332 1267 494 1309 nomine,
515 1266 681 1315 Ophitea,
712 1267 811 1315 quod
841 1277 975 1303 nomen
1006 1267 1135 1303 eodem
1164 1265 1273 1302 modo
1303 1266 1495 1304 cohaerere
1524 1278 1605 1304 cum

195 1327 261 1364 loci
291 1327 422 1371 fabula,
460 1339 532 1376 quo
561 1329 790 1376 Amphicaea,
828 1333 992 1376 apertum
1031 1333 1097 1364 est.
1152 1330 1197 1363 At
1226 1338 1447 1375 quamquam
1476 1329 1609 1377 duplex

195 1388 297 1426 urbis
340 1388 531 1438 appellatio
573 1390 658 1427 alias
696 1401 840 1439 quoque
881 1388 1066 1426 invenitur
1108 1388 1320 1435 (Corinthus
1361 1406 1414 1420 =
1453 1389 1607 1438 Ephyra,

196 1450 357 1487 Athenae
385 1467 437 1483 =
469 1451 658 1500 Cecropia)
694 1458 818 1489 tamen
853 1452 980 1488 eodem
1015 1456 1180 1498 tempore
1217 1451 1360 1487 duobus
1396 1451 1607 1488 nominibus

196 1522 237 1547 ex
275 1511 400 1548 eadem
429 1511 547 1548 fabula
578 1513 668 1549 ortis
697 1512 865 1549 homines
896 1523 979 1548 usos
1008 1523 1087 1548 esse
1116 1511 1215 1548 credi
1241 1522 1318 1547 non
1346 1515 1477 1559 potest.
1532 1511 1609 1548 lm-

196 1582 256 1607 mo
288 1583 372 1609 vero
400 1572 487 1609 illud
509 1572 704 1609 verisimile
734 1572 840 1609 nobis
869 1572 1023 1615 videtur,
1054 1583 1191 1609 nomen
1221 1571 1320 1608 urbis
1349 1571 1492 1619 publice
1521 1584 1607 1620 pro-

195 1633 320 1669 batum
341 1633 597 1680 Amphicaeam
626 1633 752 1676 fuisse,
783 1633 959 1681 Ophiteae
980 1637 1102 1669 autem
1123 1632 1205 1669 urbi
1225 1633 1348 1669 datum
1371 1644 1451 1669 esse
1472 1643 1608 1670 nomen

194 1693 229 1729 in
260 1693 441 1741 mysteriis
469 1693 649 1742 Dionysiis
677 1693 725 1730 ibi
755 1693 942 1731 celebratis
973 1694 1031 1739 (cf.
1063 1693 1166 1731 Paus.
1189 1692 1314 1737 Xs33,
1339 1693 1419 1738 11):
1449 1705 1607 1741 quomo-

195 1754 239 1790 do
260 1754 387 1800 anguis
407 1754 558 1790 omnino
578 1755 665 1790 deos
685 1759 879 1790 terrestres
900 1754 1088 1800 significat,
1118 1754 1169 1790 sic
1188 1753 1283 1801 apud
1304 1753 1608 1801 Amphicaeenses

194 1814 412 1851 coniunctus
442 1814 584 1851 videtur
612 1826 692 1851 esse
720 1826 804 1851 cum
833 1814 946 1851 sacris
966 1813 1211 1862 Dionysiis³⁸)‚
1240 1814 1395 1862 ideoque
1425 1813 1510 1851 urbs
1529 1814 1607 1862 ipsa

194 1876 342 1923 mystice
371 1875 415 1911 ab
444 1886 561 1922 angue
590 1886 727 1912 nomen
756 1876 947 1924 accepisse.
1389 1889 1392 1891 ·

300 1936 334 1972 5.
392 1935 498 1973 Paus.
526 1935 568 1973 X.
596 1935 658 1980 33,
691 1936 749 1973 12.
804 1933 949 1984 ἀπέχει
991 1934 1037 1973 δὲ
1064 1932 1327 1986 Ἀμφικλείας
1361 1932 1383 1985 ἡ
1415 1936 1608 1985 Δρυμαία

192 1992 385 2039 σταδίους
406 1993 654 2046 ὀγδοήκοντα
675 1994 956 2046 ἀποτραπέντι
977 1995 1017 2040 ἐς
1037 1992 1270 2045 ἀριστεράν,
1302 1994 1606 2045 [καλουμένη

193 2055 274 2093 καὶ
305 2055 585 2107 Δρυμὸς39)]
627 2055 753 2094 κατὰ
785 2054 1051 2107 “Ηροδο’του
1089 2055 1199 2100 τοὺς
1236 2053 1450 2103 λόγους,
1496 2058 1608 2094 Ναυ-

194 2117 331 2167 βολεῖς
360 2114 406 2155 δὲ
434 2117 485 2154 τὰ
512 2115 766 2167 ἀρχαιότερα.
825 2119 871 2156 cf.
892 2119 975 2155 Her.
999 2118 1087 2154 Vlll.
1110 2117 1169 2155 33.
1193 2121 1239 2165 (v.
1260 2129 1294 2154 n.
1321 2117 1396 2165 13.)

276 2213 313 2251 ³⁷)
346 2213 432 2244 Satis
468 2213 597 2244 videtur
631 2213 867 2244 Erichthonium
901 2213 1110 2253 Helenumque
1147 2222 1390 2245 commemorare
1427 2211 1478 2252 (cf.
1514 2212 1608 2243 etiam

192 2265 417 2296 Germanorum
434 2265 470 2295 de
487 2264 641 2302 anguibus
658 2263 790 2302 fabulas,
815 2274 841 2294 e.
859 2275 888 2302 g.
905 2264 940 2294 L.
958 2264 1122 2294 Becbstein
1139 2265 1250 2295 ‘neues
1265 2264 1428 2294 deutsches
1443 2263 1607 2294 miirclzen-

191 2314 285 2345 buch'
309 2316 483 2346 Vindobon.
512 2314 591 2345 1866
614 2324 642 2353 p.
671 2314 701 2343 11
723 2323 805 2354 sqq.;
832 2314 891 2345 162
914 2323 996 2353 sqq.;
1021 2313 1081 2343 280
1106 2314 1184 2353 sqq.)
1208 2314 1381 2352 ubicunque
1405 2317 1510 2343 autem
1532 2313 1607 2343 haec

191 2370 371 2404 narrantur,
397 2365 557 2395 coniuncti
580 2373 650 2394 esse
673 2364 779 2404 aliquo
803 2364 893 2394 modo
917 2362 1054 2394 infantes
1079 2363 1130 2393 illi
1155 2364 1304 2394 videntur
1320 2373 1389 2393 cum
1406 2364 1468 2394 diis
1484 2362 1608 2394 inferis.

190 2416 381 2447 Praesertim
406 2415 535 2456 pristini
558 2414 710 2454 temporis
734 2423 824 2453 reges
847 2414 963 2444 talibus
988 2412 1115 2444 fabellis
1140 2418 1283 2453 tanquam
1304 2418 1392 2444 terra
1409 2414 1509 2452 geniti
1525 2414 1609 2445 cele-

191 2469 278 2499 brari
291 2469 409 2505 solent3
424 2472 589 2507 praeterea
603 2467 699 2497 etiam
715 2470 816 2504 vates,
830 2470 949 2506 partem
963 2471 1048 2496 certe
1061 2466 1141 2496 artis
1157 2475 1232 2496 suae
1245 2466 1282 2496 ab
1297 2463 1408 2496 inferis
1416 2465 1608 2496 derivantes.

276 2518 316 2557 ³⁸)
340 2518 378 2549 cf.
403 2518 540 2549 Prelleri
564 2518 790 2558 mythologiam
815 2516 967 2547 Graecam
992 2517 1022 2547 1³
1047 2527 1072 2556 p.
1092 2517 1152 2546 577
1175 2526 1219 2556 sq.

274 2570 313 2605 ⁸⁹)
337 2569 504 2608 Perplacet
532 2569 715 2598 coniectura
742 2567 930 2605 Buttmanni‚
960 2568 1012 2606 qui
1041 2566 1149 2596 verbis
1179 2566 1366 2606 καλουμένη
1395 2564 1451 2595 καὶ
1474 2562 1610 2606 Δρυμὸς

191 2620 322 2650 insertis
346 2620 488 2650 lacunam
512 2619 571 2649 iam
595 2618 632 2648 ab
650 2618 820 2658 Sylburgio
846 2621 983 2647 notatam
1007 2616 1132 2656 explere
1155 2620 1286 2646 conatus
1310 2619 1367 2645 est.
1405 2614 1519 2645 Tamen
1544 2624 1609 2644 eam
