1811 2933
0 1604 41 1629 “Ji

788 129 1057 168 -27-

215 237 356 291 ἧτῶν
396 234 656 288 χρημάτων
696 235 744 275 ἓν
784 237 845 288 τῷ
878 235 990 275 τότε
1030 235 1220 275 ἔνδεια.
1278 233 1542 286 Ἀθηναῖοι
1571 233 1625 273 δὲ

215 298 300 337 καὶ
331 299 551 348 Θηβαῖοι
579 298 705 348 σφᾶς
734 296 855 349 ἦσαν
883 296 930 335 οἳ
958 296 1271 345 κατάγοντες,
1300 297 1380 335 κτλ.

319 358 417 394 Bello
457 358 568 405 igitur
609 369 710 395 sacro
751 363 934 396 steterunt
967 358 1208 407 Parapotamii
1254 357 1436 405 deletique
1479 362 1566 393 sunt
1604 367 1624 392 a

215 416 399 466 Philippo!
442 415 565 461 Quid?
602 429 725 455 nonne
758 419 829 456 iam
859 417 994 454 Xerxes
1029 415 1232 455 everterat?
1279 417 1331 454 Ibi
1367 430 1410 454 ex
1439 417 1624 453 Herodoto

215 480 267 516 sic
294 483 515 524 narraverat,
546 477 603 514 hic
631 479 760 527 oppida
790 478 933 526 quidem
963 478 1129 515 Phocidis
1160 478 1333 514 nonnulla
1353 477 1398 514 ab
1418 477 1536 513 Xerxe
1558 477 1622 513 de-

213 536 285 577 leta
320 550 400 576 esse
437 538 535 581 dicit,
570 539 631 575 sed
662 539 932 587 Parapotamios
967 538 1003 575 in
1039 549 1165 575 eorum
1208 549 1363 575 numero
1396 548 1468 574 non
1496 537 1622 579 refert,

214 598 454 637 Athenienses
497 598 606 645 igitur
629 604 676 636 'et
708 599 833 636 Boeoti
875 598 934 646 (ex
967 598 1259 647 Amphictionum
1297 603 1394 635 certe
1434 598 1622 642 mandato)

214 658 426 697 reficiendas
455 658 629 695 curabant
647 659 888 695 Phocensium
910 659 1032 701 urbes,
1062 658 1132 695 nisi
1152 670 1240 706 quas
1260 663 1411 705 propter
1429 658 1622 706 penuriam

215 730 289 758 non
325 716 508 767 poterant!
551 716 677 762 Quid?
713 729 834 755 nonne
869 719 904 755 id
943 717 1071 755 Xerxis
1104 718 1175 755 iam
1211 723 1329 755 aetate
1369 718 1503 755 factum
1542 715 1623 754 est?

217 782 290 818 Iam
320 778 407 827 quid
436 778 641 815 faciendum
671 784 735 820 est,
764 790 845 816 cum
875 779 996 815 omnia
1018 778 1226 826 perturbata
1247 777 1464 815 videantur?
1505 779 1623 826 Atque

214 842 283 878 hoc
315 839 461 887 quidem
497 843 636 875 certum
664 839 813 883 videtur,
849 839 976 875 urbem
1016 851 1058 876 ex
1088 839 1279 875 Persarum
1308 839 1422 876 ruinis
1450 840 1621 876 resectam

218 912 309 943 esse,
338 899 400 935 sed
431 899 550 935 denuo
580 898 673 935 bello
702 910 804 936 sacro
833 899 986 936 deletam
1019 910 1092 935 non
1120 899 1373 935 resurrexisse.
1429 899 1621 936 Pausanias

213 960 322 1008 igitur
349 958 392 995 X.
423 957 459 1002 3,
488 958 523 1002 2,
556 958 618 995 ubi
654 958 865 995 historicum
903 959 1087 1007 quendam
1126 959 1265 995 sontem
1295 958 1488 1003 contraxit,
1525 964 1622 996 recte

214 1022 292 1058 fere
321 1031 398 1056 rem
430 1019 628 1063 enarravit,
656 1025 780 1067 postea
810 1031 892 1055 cum
920 1019 958 1055 in
987 1020 1062 1067 ipsa
1092 1019 1264 1066 periegesi
1285 1019 1327 1055 ad
1349 1019 1621 1066 Parapotamios

215 1080 366 1122 veniret,
402 1079 614 1116 recordatus
653 1090 796 1123 eorum,
834 1090 926 1126 quae
962 1090 1070 1127 supra
1106 1079 1314 1126 scripserat,
1348 1079 1500 1115 eandem
1536 1089 1622 1115 nar-

213 1142 393 1178 rationem
428 1139 615 1187 repetivit3
650 1140 713 1176 sed
748 1139 815 1184 hic,
851 1140 912 1176 uhi
948 1151 1024 1176 non
1059 1140 1269 1175 summatim
1308 1139 1351 1175 de
1382 1139 1620 1175 phocensium

214 1200 364 1237 historia
406 1204 591 1247 ageretur,
633 1199 693 1235 sed
732 1199 775 1235 de
811 1199 920 1236 unius
955 1203 1096 1235 tantum
1140 1198 1263 1246 oppidi
1296 1198 1397 1241 fatis,
1440 1198 1622 1246 copiosius

214 1266 360 1298 auctore
389 1271 455 1296 suo
483 1271 573 1296 usus
602 1264 668 1296 est.
710 1259 873 1307 Amplius
901 1259 1011 1307 igitur
1039 1271 1082 1296 ex
1110 1258 1211 1296 fonte
1239 1271 1305 1295 suo
1327 1259 1484 1296 illustrat
1502 1259 1623 1296 locum

212 1321 457 1362 Homericum,
487 1331 596 1367 quem
625 1320 667 1355 X.
697 1320 732 1364 3,
760 1320 783 1354 2
813 1320 929 1356 obiter
956 1324 1099 1356 tantum
1129 1320 1304 1362 laudavit3
1332 1320 1433 1355 addit
1459 1320 1622 1355 chrono-

212 1381 362 1429 logicam
402 1381 446 1417 de
473 1380 650 1416 Aechmea
686 1380 970 1417 adnotationem.
1027 1379 1166 1416 Deinde
1203 1391 1284 1416 cum
1324 1379 1356 1416 ei
1384 1379 1422 1415 in
1450 1381 1549 1416 fonte
1579 1379 1623 1416 de

215 1442 357 1490 oppidis
391 1441 435 1477 ab
463 1441 581 1477 Xerxe
618 1440 819 1477 combustis
853 1440 986 1488 legenti
1021 1440 1061 1476 in
1097 1440 1310 1476 memoriam
1345 1440 1483 1476 veniret
1509 1440 1625 1476 Hero-

214 1503 339 1538 dotum
380 1501 476 1537 inter
509 1512 549 1536 ea
584 1500 855 1548 Parapotamios
893 1511 1039 1548 quoque
1077 1511 1287 1543 recensere,
1329 1500 1451 1536 laudat
1485 1505 1623 1547 patrem

213 1561 383 1599 historiae
410 1566 445 1598 et
472 1561 647 1608 temporis
677 1572 752 1598 non
780 1560 899 1598 habita
926 1561 1070 1597 ratione
1099 1560 1222 1597 statim
1250 1572 1342 1608 quae
1361 1560 1405 1597 ad
1425 1561 1623 1597 secundam

213 1622 443 1670 pertinebant
471 1621 773 1658 disturbationem
802 1621 915 1669 priori
946 1621 1116 1657 adnectit.
1161 1621 1334 1657 Perversa
1354 1621 1465 1667 igitur
1484 1621 1624 1657 ratione

213 1683 439 1720 Herodotum
480 1693 560 1719 cum
590 1686 734 1719 auctore
763 1693 830 1718 suo
859 1681 1030 1720 historico
1059 1681 1267 1729 coniungit3
1304 1681 1401 1730 quod
1430 1686 1549 1718 autem
1579 1692 1624 1718 ne

216 1744 339 1781 ruinas
368 1743 512 1791 quidem
543 1743 665 1791 oppidi
694 1743 780 1780 dicit
808 1743 877 1779 iam
909 1754 997 1787 esse,
1031 1754 1153 1790 neque
1182 1754 1403 1791 quemquam
1432 1742 1524 1780 scire
1552 1753 1624 1790 quo

214 1803 357 1839 steterit
391 1803 481 1845 loco,
517 1808 614 1839 certe
650 1814 691 1838 ex
725 1803 827 1839 fonte
856 1803 1063 1850 exsc1·ipsit;
1098 1803 1127 1838 si
1163 1803 1260 1839 enim
1298 1803 1349 1850 (id
1379 1803 1477 1850 quod
1506 1802 1623 1838 verbis

217 1861 276 1901 ἔτι
319 1859 367 1913 ἦν
407 1863 610 1911 significare
644 1863 735 1909 vult)
777 1863 854 1911 ipse
893 1874 972 1900 earn
1009 1863 1196 1911 regionem
1233 1863 1394 1906 vidisset,
1436 1863 1540 1900 facile
1581 1875 1624 1899 ex

213 1924 463 1960 Phocensibus
491 1924 610 1960 locum
640 1924 844 1971 comperire
872 1929 1028 1971 poterat,
1057 1924 1101 1960 cf.
1132 1924 1225 1960 Plut.
1248 1924 1334 1960 Sull.
1360 1924 1418 1967 16,
1448 1924 1509 1971 qui
1537 1935 1621 1959 eum

216 1983 487 2021 accuratissime
515 1983 700 2020 describit.

323 2046 358 2081 4.
389 2045 492 2081 Paus.
522 2044 562 2080 Χ.
595 2043 654 2083 33.
685 2044 720 2079 9.
762 2043 911 2093 ταύτην
937 2043 1009 2094 τήν
1021 2041 1289 2093 Ἀμφίκλειαν
1317 2041 1562 2093 ἐλυμήναντο
1582 2046 1623 2079 οἵ

213 2117 254 2140 τε
282 2099 497 2154 ἐπιχώριοι
525 2103 582 2153 τῷ
611 2098 794 2151 ὀνόματι,
825 2102 1186 2153 καὶ“Ηρόὸοτος
1211 2102 1293 2153 μὲν
1318 2101 1644 2153 Ἀμφίκαιαν

213 2161 450 2202 ἐκάλεσεν
506 2161 749 2213 ἑπόμενος
802 2164 867 2215 τῷ
926 2162 1235 2214 ἀρχαιοτάτῳ
1295 2164 1389 2202 τῶν
1447 2162 1623 2211 λόγων,

208 2221 494 2275 Ἀμφικτύονες
533 2223 578 2261 δὲ
612 2222 745 2272 δόγμα
780 2223 850 2261 ἐπὶ
888 2225 935 2278 τῇ
967 2225 1046 2263 τῶν
1075 2222 1236 2262 πόλεων
1264 2221 1448 2272 ἀπωλείᾳ
1475 2225 1554 2262 τῶν
1582 2224 1625 2263 ἐν

215 2286 425 2325 Φωκεῦσιν
445 2283 710 2333 ἐξενεγκόντες
731 2283 861 2336 ὄνομα
880 2284 1026 2325 ἔθεντο
1047 2283 1145 2340 αὐτῇ
1155 2283 1439 2337 Ἀμφίκλειαν·
1461 2287 1625 2335 sequitur

213 2346 332 2384 fabula
361 2349 406 2385 ab
426 2347 675 2384 Phocensibus
704 2347 747 2383 de
775 2347 866 2383 urbe
895 2354 1050 2384 narrata.
1098 2347 1166 2383 καὶ
1194 2344 1276 2383 ἀπὸ
1305 2347 1377 2383 τοῦ
1404 2341 1627 2395 δράκοντος

213 2403 365 2444 ἐκείνου
393 2404 466 2457 τὴν
494 2403 619 2444 πόλιν
647 2405 866 2445 ἐθέλουσιν
888 2404 1097 2458 Ὀφιτείαν
1125 2403 1424 2456 ὀνομασθῆναι.

318 2468 362 2504 cf.
392 2468 474 2505 Her.
503 2468 590 2504 VIII.
621 2467 669 2503 33
699 2467 822 2515 (verba
850 2468 893 2505 ad
923 2480 956 2505 n.
979 2468 1024 2504 13
1054 2467 1232 2515 exscripta
1262 2467 1374 2515 sunt).

317 2528 366 2564 De
393 2528 608 2576 Amphicaea
629 2528 795 2566 Phocidis
824 2528 915 2566 urbe
944 2529 1093 2577 eiusque
1123 2528 1279 2564 nominis
1309 2528 1445 2576 origine
1467 2528 1625 2565 fabulam

214 2587 393 2637 periegeta
430 2591 570 2639 profert
603 2589 696 2626 haud
733 2600 874 2634 raram3
910 2601 1015 2639 saepe
1049 2589 1159 2633 enim,
1198 2600 1316 2637 neque
1345 2590 1441 2638 apud
1470 2589 1625 2627 Graecos

1651 2050 1689 2080 14
