1811 2933
792 109 1063 166 -1o÷

206 218 242 265 pl
254 217 348 254 enda
378 228 458 253 esse
487 216 660 254 omnibus
688 222 835 265 pateret.
885 217 981 254 Dixit
1008 218 1106 254 enim
1135 218 1194 254 Vl.
1222 217 1284 262 26,
1314 219 1349 255 2.
1391 217 1555 266 λέγουσι
1584 219 1630 258 δὲ

209 277 278 315 καὶ
309 274 494 327 ’Ἀνδριοι
530 275 645 326 παρὰ
678 275 767 321 ἔτος
806 278 952 327 σφίσιν
979 275 1020 322 ἐς
1051 277 1124 316 τοῦ
1154 276 1360 316 Διονύσου
1391 277 1464 329 τὴν
1490 277 1631 331 ἑορτὴν

209 336 297 387 ῥεῖν
329 338 439 375 οἶνον
467 333 698 386 αὐτόματον
732 336 776 374 ἐκ
803 337 875 375 τοῦ
904 335 1027 388 ἱεροῦ.
1084 337 1136 375 Εἰ
1163 337 1375 377 πιστεύειν
1401 338 1474 390 χρὴ
1502 341 1630 378 ταῦτα

200 394 406 448 Ἕλλησιν,
446 394 693 445 ἀποδέχοιτο
728 395 778 436 ἄν
814 412 875 443 τις
908 398 964 448 τῷ
998 397 1105 450 λόγῳ
1140 412 1186 446 γε
1220 399 1277 451 τῷ
1312 396 1420 450 αὐτῷ
1455 399 1525 438 καὶ
1553 396 1630 439 ὅσα

216 459 432 504 Αἰθίοπες
462 456 502 496 οἳ
531 455 635 508 ὑπὲρ
654 458 809 509 Συήνης
827 458 869 504 ἐς
887 459 959 498 τοῦ
978 458 1097 510 ἡλίου
1115 459 1186 510 τήν
1204 458 1409 510 τράπεζαν
1427 458 1628 508 λέγουσιν,

208 520 229 555 i.
264 531 306 562 e.‚
351 524 392 556 ut
432 531 514 556 cum
546 519 733 556 Herodoto
775 531 983 568 pergamus,
1024 520 1150 558 ταῦτα
1187 523 1248 566 (sc.
1287 519 1338 558 τὰ
1372 522 1468 569 κρέα
1501 518 1628 572 ὀπτά)

211 576 283 629 τὴν
318 580 394 631 γῆν
432 576 557 629 αὐτὴν
596 576 841 618 ἀναδιδόναι
877 578 1077 618 ἑκάστοτε.
1140 582 1278 626 Quodsi
1314 582 1506 619 confundit
1541 583 1629 620 duas

211 641 289 678 illas
318 646 443 689 gentes
473 641 683 685 Pausanias,
711 652 912 689 cognomen
941 639 982 679 οἳ
1002 639 1260 681 δικαιότατοι
1279 643 1433 680 forsitan
1452 642 1626 680 declarari

210 702 328 750 possit
355 714 397 739 ex
426 702 482 746 iis,
525 713 619 749 quae
648 703 743 751 apud
772 702 998 739 Herodotum
1028 704 1072 740 de
1099 703 1289 741 Macrobiis
1317 703 1524 746 traduntur,
1562 704 1626 741 sed

210 764 331 811 ipsum
375 773 581 810 cognomen
622 762 715 810 apud
759 773 844 798 eum
883 773 959 799 non
1002 763 1196 800 invenitur.
1261 764 1429 800 Attamen
1476 774 1626 811 prorsus

210 834 329 861 novus
359 827 415 860 est
444 834 593 872 campus
613 822 859 871 Aethiopicus,
889 835 960 872 qua
989 824 1033 861 de
1061 836 1168 862 causa
1198 836 1282 862 eum
1303 823 1406 861 alteri
1424 824 1627 872 periegetae

211 885 304 921 fonti
332 884 536 921 tribuamus
570 895 722 920 necesse
750 890 816 920 est.
872 884 976 928 Quod
1006 885 1138 922 deinde
1165 885 1305 923 Meroes
1333 885 1460 922 incolis
1488 884 1628 922 nullum

215 956 295 982 esse
323 956 443 994 neque
479 956 578 982 mare
607 956 729 993 neque
756 945 893 983 flumen
919 945 989 983 nisi
1017 946 1137 984 Nilum
1167 946 1265 988 dicit,
1301 946 1345 984 ad
1372 945 1486 995 ipsius
1513 946 1628 984 ratio-

219 1005 440 1042 cinationem
469 1006 636 1053 pertinet.
679 1004 761 1042 εἶσὶ
789 1004 835 1042 δὲ
863 1005 932 1042 καὶ
952 1004 1069 1044 ἄλλοι
1090 1005 1308 1056 πρόσοικοι
1332 1004 1519 1055 Μαύροις
1544 1005 1627 1043 Αἷ-

214 1066 367 1110 θίοπες
401 1063 494 1113 ἄχρι
534 1063 800 1115 Νασαμώνων
836 1064 1096 1116 παρήκοντες.
1148 1066 1396 1117 Νασαμῶνες
1432 1065 1508 1117 γὰρ
1547 1063 1627 1104 κτλ.

212 1126 400 1174 Designari
428 1126 485 1163 his
513 1126 631 1163 verbis
660 1138 785 1175 parvas
814 1126 890 1164 illas
919 1139 1008 1175 quas
1027 1128 1237 1165 Herodotus
1265 1128 1350 1164 dicit
1377 1133 1506 1175 gentes
1526 1128 1623 1164 haud

212 1186 356 1223 difficile
397 1186 624 1234 intelligitur.
686 1187 791 1223 Nunc
832 1187 990 1235 denique
1024 1187 1229 1225 Herodotus
1263 1188 1400 1225 iamdiu
1437 1187 1627 1225 consultus

212 1246 436 1290 nominatur,
465 1248 526 1284 sed
546 1248 651 1284 —id
681 1248 778 1296 quod
808 1248 967 1285 maxime
997 1248 1131 1286 mirum
1161 1254 1217 1290 est
1235 1270 1285 1275 —
1305 1260 1397 1298 quae
1425 1249 1458 1286 ei
1484 1248 1627 1292 crimini

211 1313 404 1345 vertuntur
432 1308 585 1344 omnino
614 1318 690 1343 non
719 1307 818 1344 dixit.
860 1308 913 1344 Ita
943 1309 1038 1345 enim
1058 1309 1212 1345 lectores
1233 1308 1437 1356 docuit1³):
1464 1308 1625 1345 incolere

213 1369 345 1417 Libyae
379 1380 480 1405 oram
509 1368 552 1405 ab
580 1369 744 1416 Aegypto
773 1380 889 1416 usque
918 1369 959 1405 ad
989 1369 1106 1406 lacum
1135 1369 1322 1406 Tritonida
1352 1370 1458 1406 hasce
1485 1371 1625 1415 gentes,

211 1429 490 1477 Adyrmachidas
527 1429 723 1476 Giligamos
758 1429 930 1476 Asbystas
969 1429 1164 1466 Auschisas
1201 1429 1347 1477 (quibus
1381 1429 1419 1465 in
1455 1428 1628 1465 mediter-

211 1489 335 1526 raneis
363 1489 508 1525 finitimi
538 1493 661 1526 essent
687 1488 848 1536 Bacales)
877 1489 1100 1526 Nasamones
1130 1488 1266 1537 Psyllos
1294 1489 1414 1526 Macas
1443 1488 1626 1525 Gindanes

214 1549 443 1597 Lotophagos
471 1549 648 1586 Machleas
677 1549 832 1594 Auseas3
860 1560 904 1585 ex
923 1549 1169 1586 Nasamonum
1200 1553 1319 1586 autem
1349 1548 1483 1585 finibus
1513 1559 1628 1596 usque

213 1610 259 1647 ad
302 1615 467 1647 montem
504 1610 683 1647 Atlantem
723 1616 915 1646 enumerat
952 1609 1186 1648 Garamantes
1222 1610 1414 1647 Atarantes
1452 1608 1626 1652 Atlantes,

214 1682 371 1719 quorum
427 1670 576 1707 ultimos
621 1671 714 1708 circa
761 1670 881 1719 ipsum
929 1677 1089 1709 montem
1136 1670 1263 1707 sedere
1309 1670 1409 1707 dixit.
1476 1670 1624 1713 Videtis,

215 1732 401 1780 quomodo
432 1732 658 1769 Herodotum
694 1743 800 1768 suum
836 1731 1053 1769 intellexerit
1081 1732 1296 1769 Pausanias:
1328 1732 1449 1769 omnia
1478 1736 1627 1780 pertur-

214 1793 331 1838 bavit;
367 1792 451 1840 quia
492 1793 527 1829 in
560 1794 663 1829 fonte
693 1804 759 1829 suo
788 1792 885 1839 (Her.
916 1793 958 1829 11.
989 1792 1055 1840 32)
1089 1792 1157 1829 iter
1184 1792 1435 1829 Nasamonum
1472 1792 1510 1828 in
1543 1802 1628 1839 par-

214 1864 343 1890 vorum
383 1853 601 1901 Aethiopum
644 1853 735 1890 fines
777 1853 913 1889 factum
956 1853 1106 1897 invenit,
1149 1853 1330 1890 conclusit
1370 1852 1507 1889 vicinos
1548 1862 1629 1888 esse

215 1914 440 1951 Nasamones
476 1920 585 1962 atque
614 1914 813 1961 Aethiopes
847 1925 998 1961 parvos3
1035 1924 1104 1961 qua
1132 1913 1176 1950 de
1203 1924 1311 1950 causa
1345 1913 1425 1949 illos
1460 1912 1628 1949 infimum

215 1979 384 2012 montem
413 1975 595 2012 Atlantem
630 1974 788 2011 incolere
816 1973 885 2010 sibi
914 1973 1035 2019 finxit3
1070 1973 1131 2010 ubi
1160 1985 1244 2011 cum
1272 1973 1340 2010 alio
1370 1971 1544 2010 Herodoti
1572 1971 1630 2009 sui

214 2036 295 2073 loco
338 2035 411 2083 (lv.
444 2035 517 2072 187
546 2035 617 2083 sq.)
673 2035 835 2072 Atlantes
869 2034 996 2071 sedere
1023 2034 1170 2081 legeret,
1205 2034 1352 2071 eosdem
1380 2040 1488 2082 atque
1516 2032 1629 2070 Nasa-

215 2107 346 2133 mones
377 2108 439 2132 eos
468 2096 512 2132 ab
531 2095 714 2132 Herodoto
742 2095 861 2143 putari
893 2094 1101 2142 collegit14).
1145 2094 1278 2131 Lixitas
1298 2105 1500 2142 eorumque
1520 2093 1628 2129 vitam

215 2157 257 2194 ad
294 2156 448 2193 alterum
484 2156 625 2194 fontem
654 2155 836 2205 pertinere
864 2160 981 2204 patet3
1010 2155 1127 2192 eidem
1157 2167 1249 2204 quae
1277 2156 1322 2192 de
1349 2154 1492 2192 Atlante
1520 2153 1627 2191 rivis-

303 2288 341 2325 ²²³)
366 2288 438 2318 inde
462 2286 500 2317 ab
523 2285 575 2317 lV.
596 2286 666 2317 172.

299 2339 337 2375 ¹⁴)
362 2338 461 2368 aliter
490 2337 527 2367 de
556 2337 613 2366 hac
635 2345 669 2366 re
693 2336 850 2366 iudicavit
872 2335 909 2366 Ο.
932 2334 1106 2366 Pfundtner
1128 2334 1193 2366 ‘die
1215 2335 1417 2366 historischen
1439 2332 1555 2373 quellen
1579 2332 1631 2362 des

217 2387 414 2419 Pausam'as’
446 2387 478 2416 in
501 2386 655 2416 Fleckeis.
685 2386 788 2416 annal.
819 2386 867 2415 99.
899 2396 925 2424 p.
942 2386 1078 2425 441sq.,
1108 2386 1157 2424 qui
1186 2386 1288 2415 omniu
1317 2384 1499 2414 memoriter
1532 2382 1628 2412 citata

216 2448 285 2468 esse
314 2437 406 2467 dixit.
451 2436 511 2467 Sed
540 2440 647 2476 aperte
679 2445 805 2476 operam
832 2435 919 2466 dedit
947 2434 1131 2474 Pausanias,
1159 2439 1196 2465 ut
1224 2444 1258 2466 en
1288 2444 1366 2475 quae
1390 2433 1566 2464 Herodotus
1593 2432 1630 2461 de

216 2488 424 2527 Aethiopibus
448 2487 579 2525 diceret,
615 2487 786 2524 colligeret
808 2487 909 2516 omnia
933 2490 965 2516 et
987 2495 1055 2515 cuin
1078 2485 1165 2515 fonte
1189 2495 1245 2515 suo
1269 2488 1474 2524 compararet.
1522 2482 1625 2521 Quare

217 2537 332 2566 accidit
356 2537 437 2565 bono
461 2536 648 2574 periegetae,
672 2540 707 2565 ut
729 2545 806 2574 quae
829 2536 882 2566 vel
905 2535 968 2575 ipsi
990 2535 1148 2565 Herodoto
1173 2544 1233 2564 non
1257 2534 1336 2564 satis
1360 2534 1518 2572 liquerant
1539 2532 1629 2567 (vero

218 2587 297 2617 enim
322 2586 446 2624 longius
470 2585 508 2615 ab
533 2594 589 2615 ora
611 2585 721 2616 abesse
740 2585 899 2616 Atlantem
923 2584 1064 2625 putavit)
1090 2584 1201 2615 mirum
1224 2584 1255 2614 in
1275 2583 1397 2614 modum
1417 2580 1630 2613 confunderet.
