<?xml version="1.0" encoding="UTF-8"?>
<!DOCTYPE html PUBLIC "-//W3C//DTD XHTML 1.0 Transitional//EN"
    "http://www.w3.org/TR/xhtml1/DTD/xhtml1-transitional.dtd">
<html xmlns="http://www.w3.org/1999/xhtml" xml:lang="en" lang="en">
 <head>
  <title>
</title>
<meta http-equiv="Content-Type" content="text/html;charset=utf-8" />
  <meta name='ocr-system' content='tesseract 3.04.00' />
  <meta name='ocr-capabilities' content='ocr_page ocr_carea ocr_par ocr_line ocrx_word'/>
</head>
<body>
  <div class='ocr_page' id='page_1' title='image "4737237_0023.png"; bbox 0 0 1811 2933; ppageno 0'>
   <div class='ocr_carea' id='block_1_1' title="bbox 789 128 1059 165">
    <p class='ocr_par' dir='ltr' id='par_1_1' title="bbox 789 128 1059 165">
     <span class='ocr_line' id='line_1_1' title="bbox 789 128 1059 165; baseline -0.004 -10"><span class='ocrx_word' id='word_1_1' title='bbox 789 128 1059 165; x_wconf 75' lang='lat'>-17—</span> 
     </span>
    </p>
   </div>
   <div class='ocr_carea' id='block_1_2' title="bbox 217 226 1631 1070">
    <p class='ocr_par' dir='ltr' id='par_1_2' title="bbox 217 226 1631 1070">
     <span class='ocr_line' id='line_1_2' title="bbox 217 226 1628 289; baseline -0.006 -13"><span class='ocrx_word' id='word_1_2' title='bbox 217 251 318 289; x_wconf 85' lang='grc' dir='ltr'><strong><em>μους</em></strong></span> <span class='ocrx_word' id='word_1_3' title='bbox 346 235 416 275; x_wconf 78' lang='grc' dir='ltr'>ἐπὶ</span> <span class='ocrx_word' id='word_1_4' title='bbox 448 237 517 287; x_wconf 85' lang='grc' dir='ltr'>τῆς</span> <span class='ocrx_word' id='word_1_5' title='bbox 539 233 786 287; x_wconf 79' lang='grc' dir='ltr'><strong><em>Ἀγησιλάου</em></strong></span> <span class='ocrx_word' id='word_1_6' title='bbox 814 237 916 285; x_wconf 62' lang='grc' dir='ltr'><strong><em>βα-«</em></strong></span> <span class='ocrx_word' id='word_1_7' title='bbox 951 244 1084 273; x_wconf 89' lang='grc' dir='ltr'><strong><em>τοισι</em></strong></span> <span class='ocrx_word' id='word_1_8' title='bbox 1130 233 1328 282; x_wconf 79' lang='grc' dir='ltr'><strong><em>λέγουσι</em></strong></span> <span class='ocrx_word' id='word_1_9' title='bbox 1375 230 1457 269; x_wconf 85' lang='grc' dir='ltr'><strong><em>καὶ</em></strong></span> <span class='ocrx_word' id='word_1_10' title='bbox 1502 226 1628 281; x_wconf 80' lang='grc' dir='ltr'><strong><em>φρά-</em></strong></span> 
     </span>
     <span class='ocr_line' id='line_1_3' title="bbox 218 290 1630 345; baseline -0.004 -10"><span class='ocrx_word' id='word_1_11' title='bbox 218 297 386 341; x_wconf 75' lang='grc' dir='ltr'><strong><em>σιλείας.</em></strong></span> <span class='ocrx_word' id='word_1_12' title='bbox 444 299 619 335; x_wconf 73' lang='grc' dir='ltr'><strong><em>θεῖναι</em></strong></span> <span class='ocrx_word' id='word_1_13' title='bbox 658 295 709 334; x_wconf 81' lang='grc' dir='ltr'>δὲ</span> <span class='ocrx_word' id='word_1_14' title='bbox 742 294 892 334; x_wconf 78' lang='grc' dir='ltr'><strong><em>αὐτὸν</em></strong></span> <span class='ocrx_word' id='word_1_15' title='bbox 953 304 1043 332; x_wconf 90' lang='grc' dir='ltr'><strong><em>σαι</em></strong></span> <span class='ocrx_word' id='word_1_16' title='bbox 1064 291 1300 345; x_wconf 73' lang='grc' dir='ltr'><strong><em>αὐτῷτὴν</em></strong></span> <span class='ocrx_word' id='word_1_17' title='bbox 1321 290 1630 342; x_wconf 72' lang='grc' dir='ltr'><strong><em>Πυθίηντὸν</em></strong></span> 
     </span>
     <span class='ocr_line' id='line_1_4' title="bbox 218 352 1631 408; baseline -0.004 -11"><span class='ocrx_word' id='word_1_18' title='bbox 218 358 454 406; x_wconf 77' lang='grc' dir='ltr'><strong><em>λέγουσιν</em></strong></span> <span class='ocrx_word' id='word_1_19' title='bbox 482 356 638 408; x_wconf 73' lang='grc' dir='ltr'><strong><em>οἱμὲν</em></strong></span> <span class='ocrx_word' id='word_1_20' title='bbox 661 356 793 408; x_wconf 83' lang='grc' dir='ltr'><strong><em>παρὰ</em></strong></span> <span class='ocrx_word' id='word_1_21' title='bbox 811 357 892 407; x_wconf 79' lang='grc' dir='ltr'>τῆς</span> <span class='ocrx_word' id='word_1_22' title='bbox 953 357 1040 396; x_wconf 84' lang='grc' dir='ltr'>νῦν</span> <span class='ocrx_word' id='word_1_23' title='bbox 1086 354 1393 394; x_wconf 76' lang='grc' dir='ltr'><strong><em>κατεστεῶτα</em></strong></span> <span class='ocrx_word' id='word_1_24' title='bbox 1443 352 1631 403; x_wconf 82' lang='grc' dir='ltr'><em>κόσμον</em></span> 
     </span>
     <span class='ocr_line' id='line_1_5' title="bbox 221 410 1629 473; baseline -0.005 -16"><span class='ocrx_word' id='word_1_25' title='bbox 221 421 422 463; x_wconf 73' lang='grc' dir='ltr'><strong><em>Πυθίας</em></strong></span> <span class='ocrx_word' id='word_1_26' title='bbox 440 418 752 466; x_wconf 75' lang='grc' dir='ltr'><strong><em>διδαχθέντα</em></strong></span> <span class='ocrx_word' id='word_1_27' title='bbox 771 415 892 467; x_wconf 77' lang='grc' dir='ltr'><strong><em>ὑπὲρ</em></strong></span> <span class='ocrx_word' id='word_1_28' title='bbox 920 429 924 473; x_wconf 65' lang='grc'>1</span> <span class='ocrx_word' id='word_1_29' title='bbox 952 415 1329 469; x_wconf 78' lang='grc' dir='ltr'><strong><em>Σπαρτιήτῃσι·</em></strong></span> <span class='ocrx_word' id='word_1_30' title='bbox 1370 413 1433 459; x_wconf 79' lang='grc' dir='ltr'>ὠς</span> <span class='ocrx_word' id='word_1_31' title='bbox 1465 413 1511 453; x_wconf 75' lang='grc' dir='ltr'>δ’</span> <span class='ocrx_word' id='word_1_32' title='bbox 1540 410 1629 451; x_wconf 82' lang='grc' dir='ltr'><strong><em>αὖ·</em></strong></span> 
     </span>
     <span class='ocr_line' id='line_1_6' title="bbox 219 474 1629 529; baseline -0.005 -11"><span class='ocrx_word' id='word_1_33' title='bbox 219 477 395 524; x_wconf 77' lang='grc' dir='ltr'><strong><em>αὐτῶν,</em></strong></span> <span class='ocrx_word' id='word_1_34' title='bbox 426 477 474 517; x_wconf 78' lang='grc' dir='ltr'>οἳ</span> <span class='ocrx_word' id='word_1_35' title='bbox 502 478 553 517; x_wconf 78' lang='grc' dir='ltr'>δὲ</span> <span class='ocrx_word' id='word_1_36' title='bbox 582 476 640 523; x_wconf 73' lang='grc' dir='ltr'>(ὃς</span> <span class='ocrx_word' id='word_1_37' title='bbox 674 476 894 528; x_wconf 85' lang='grc' dir='ltr'><strong><em>Κρητικὰ</em></strong></span> <span class='ocrx_word' id='word_1_38' title='bbox 921 475 924 529; x_wconf 89' lang='grc' dir='ltr'>Ι</span> <span class='ocrx_word' id='word_1_39' title='bbox 952 478 1034 516; x_wconf 80' lang='grc' dir='ltr'>τοὶ</span> <span class='ocrx_word' id='word_1_40' title='bbox 1075 477 1508 529; x_wconf 85' lang='grc' dir='ltr'><strong><em>Λακεδαιμόνιοι</em></strong></span> <span class='ocrx_word' id='word_1_41' title='bbox 1544 474 1629 512; x_wconf 78' lang='grc' dir='ltr'>λέ-</span> 
     </span>
     <span class='ocr_line' id='line_1_7' title="bbox 220 534 1629 589; baseline -0.005 -10"><span class='ocrx_word' id='word_1_42' title='bbox 220 539 333 579; x_wconf 83' lang='grc' dir='ltr'><strong><em>ὄντα</em></strong></span> <span class='ocrx_word' id='word_1_43' title='bbox 352 538 541 589; x_wconf 82' lang='grc' dir='ltr'><strong><em>νόμιμα</em></strong></span> <span class='ocrx_word' id='word_1_44' title='bbox 560 534 891 586; x_wconf 77' lang='grc' dir='ltr'><strong><em>ἐπαγάγοιτο.</em></strong></span> <span class='ocrx_word' id='word_1_45' title='bbox 953 548 1113 586; x_wconf 78' lang='grc' dir='ltr'><strong><em>γουσι,</em></strong></span> <span class='ocrx_word' id='word_1_46' title='bbox 1178 539 1464 587; x_wconf 81' lang='grc' dir='ltr'><strong><em>Λυκοῦργον</em></strong></span> <span class='ocrx_word' id='word_1_47' title='bbox 1508 535 1629 574; x_wconf 80' lang='grc' dir='ltr'><strong><em>ἐπι-</em></strong></span> 
     </span>
     <span class='ocr_line' id='line_1_8' title="bbox 952 594 1628 647; baseline 0 -14"><span class='ocrx_word' id='word_1_48' title='bbox 952 597 1301 647; x_wconf 84' lang='grc' dir='ltr'><strong><em>τροπεύσαντα</em></strong></span> <span class='ocrx_word' id='word_1_49' title='bbox 1324 594 1628 647; x_wconf 69' lang='grc' dir='ltr'><strong><em>Λεωβώτεω,</em></strong></span> 
     </span>
     <span class='ocr_line' id='line_1_9' title="bbox 953 654 1630 709; baseline 0.001 -16"><span class='ocrx_word' id='word_1_50' title='bbox 953 654 1317 708; x_wconf 78' lang='grc' dir='ltr'><strong><em>ἀδελφιδέου</em></strong></span> <span class='ocrx_word' id='word_1_51' title='bbox 1354 658 1456 709; x_wconf 78' lang='grc' dir='ltr'>μὲν</span> <span class='ocrx_word' id='word_1_52' title='bbox 1491 655 1630 695; x_wconf 61' lang='lat' dir='ltr'><strong>{mv-—</strong></span> 
     </span>
     <span class='ocr_line' id='line_1_10' title="bbox 952 717 1629 767; baseline 0.001 -13"><span class='ocrx_word' id='word_1_53' title='bbox 952 731 974 754; x_wconf 94' lang='grc' dir='ltr'><strong><em>τ</em></strong></span> <span class='ocrx_word' id='word_1_54' title='bbox 990 731 1011 755; x_wconf 94' lang='grc' dir='ltr'><strong><em>ο</em></strong></span> <span class='ocrx_word' id='word_1_55' title='bbox 1027 717 1069 763; x_wconf 78' lang='grc' dir='ltr'>ὗ,</span> <span class='ocrx_word' id='word_1_56' title='bbox 1085 717 1372 765; x_wconf 81' lang='grc' dir='ltr'><strong><em>βασιλεύοντος</em></strong></span> <span class='ocrx_word' id='word_1_57' title='bbox 1387 717 1432 757; x_wconf 82' lang='grc' dir='ltr'>δὲ</span> <span class='ocrx_word' id='word_1_58' title='bbox 1445 721 1629 767; x_wconf 82' lang='grc' dir='ltr'><strong><em>Σπαρτι-</em></strong></span> 
     </span>
     <span class='ocr_line' id='line_1_11' title="bbox 953 776 1628 831; baseline 0 -16"><span class='ocrx_word' id='word_1_59' title='bbox 953 779 1094 828; x_wconf 81' lang='grc' dir='ltr'><strong><em>ητέων,</em></strong></span> <span class='ocrx_word' id='word_1_60' title='bbox 1133 778 1182 817; x_wconf 79' lang='grc' dir='ltr'>ἐκ</span> <span class='ocrx_word' id='word_1_61' title='bbox 1220 777 1410 831; x_wconf 84' lang='grc' dir='ltr'><strong><em>Κρήτης</em></strong></span> <span class='ocrx_word' id='word_1_62' title='bbox 1447 776 1628 826; x_wconf 77' lang='grc' dir='ltr'><strong><em>ἅγαγέ·</em></strong></span> 
     </span>
     <span class='ocr_line' id='line_1_12' title="bbox 955 835 1629 889; baseline 0 -14"><span class='ocrx_word' id='word_1_63' title='bbox 955 840 1080 877; x_wconf 76' lang='grc' dir='ltr'><strong><em>σθαι</em></strong></span> <span class='ocrx_word' id='word_1_64' title='bbox 1100 841 1267 878; x_wconf 89' lang='grc' dir='ltr'><strong><em>ταῦτα.</em></strong></span> <span class='ocrx_word' id='word_1_65' title='bbox 1297 838 1349 885; x_wconf 79' lang='grc' dir='ltr'>ὡς</span> <span class='ocrx_word' id='word_1_66' title='bbox 1367 839 1443 889; x_wconf 76' lang='grc' dir='ltr'>γὰρ</span> <span class='ocrx_word' id='word_1_67' title='bbox 1463 835 1629 888; x_wconf 73' lang='grc' dir='ltr'><strong><em>ἐπετρό-</em></strong></span> 
     </span>
     <span class='ocr_line' id='line_1_13' title="bbox 956 897 1631 950; baseline -0.003 -14"><span class='ocrx_word' id='word_1_68' title='bbox 956 910 1081 937; x_wconf 89' lang='grc' dir='ltr'><strong><em>πευσε</em></strong></span> <span class='ocrx_word' id='word_1_69' title='bbox 1107 899 1293 947; x_wconf 83' lang='grc' dir='ltr'><strong><em>τάχιστα,</em></strong></span> <span class='ocrx_word' id='word_1_70' title='bbox 1334 902 1552 950; x_wconf 83' lang='grc' dir='ltr'><strong><em>μετέστησε</em></strong></span> <span class='ocrx_word' id='word_1_71' title='bbox 1579 897 1631 935; x_wconf 86' lang='grc' dir='ltr'>τὰ</span> 
     </span>
     <span class='ocr_line' id='line_1_14' title="bbox 956 956 1630 1010; baseline 0 -15"><span class='ocrx_word' id='word_1_72' title='bbox 956 957 1112 1008; x_wconf 82' lang='grc' dir='ltr'><strong><em>νόμιμα</em></strong></span> <span class='ocrx_word' id='word_1_73' title='bbox 1156 959 1292 999; x_wconf 79' lang='grc' dir='ltr'><strong><em>πάντα</em></strong></span> <span class='ocrx_word' id='word_1_74' title='bbox 1342 960 1410 997; x_wconf 85' lang='grc' dir='ltr'><strong><em>καὶ</em></strong></span> <span class='ocrx_word' id='word_1_75' title='bbox 1456 956 1630 1010; x_wconf 74' lang='grc' dir='ltr'><strong><em>ἐφύλαξε</em></strong></span> 
     </span>
     <span class='ocr_line' id='line_1_15' title="bbox 955 1018 1480 1070; baseline 0.004 -14"><span class='ocrx_word' id='word_1_76' title='bbox 955 1018 1081 1056; x_wconf 82' lang='grc' dir='ltr'><strong><em>ταῦτα</em></strong></span> <span class='ocrx_word' id='word_1_77' title='bbox 1108 1019 1163 1070; x_wconf 80' lang='grc' dir='ltr'><em>μή</em></span> <span class='ocrx_word' id='word_1_78' title='bbox 1194 1022 1480 1070; x_wconf 80' lang='grc' dir='ltr'><strong><em>παραβαίνειν.</em></strong></span> 
     </span>
    </p>
   </div>
   <div class='ocr_carea' id='block_1_3' title="bbox 221 1100 1636 1998">
    <p class='ocr_par' dir='ltr' id='par_1_3' title="bbox 221 1100 1636 1998">
     <span class='ocr_line' id='line_1_16' title="bbox 326 1100 1630 1150; baseline -0.002 -11"><span class='ocrx_word' id='word_1_79' title='bbox 326 1102 376 1139; x_wconf 92' lang='lat' dir='ltr'>De</span> <span class='ocrx_word' id='word_1_80' title='bbox 399 1101 552 1150; x_wconf 83' lang='lat' dir='ltr'>Lycurgi</span> <span class='ocrx_word' id='word_1_81' title='bbox 580 1105 695 1138; x_wconf 81' lang='lat' dir='ltr'>aetate</span> <span class='ocrx_word' id='word_1_82' title='bbox 725 1100 973 1149; x_wconf 85' lang='lat' dir='ltr'>quaestionem</span> <span class='ocrx_word' id='word_1_83' title='bbox 1003 1113 1085 1137; x_wconf 91' lang='lat' dir='ltr'>esse</span> <span class='ocrx_word' id='word_1_84' title='bbox 1106 1102 1365 1147; x_wconf 84' lang='lat' dir='ltr'>difficillimam,</span> <span class='ocrx_word' id='word_1_85' title='bbox 1394 1113 1476 1139; x_wconf 85' lang='lat' dir='ltr'>cum</span> <span class='ocrx_word' id='word_1_86' title='bbox 1502 1111 1630 1138; x_wconf 89' lang='lat' dir='ltr'>omnes</span> 
     </span>
     <span class='ocr_line' id='line_1_17' title="bbox 221 1160 1629 1211; baseline -0.002 -11"><span class='ocrx_word' id='word_1_87' title='bbox 221 1163 298 1200; x_wconf 88' lang='lat' dir='ltr'>fere</span> <span class='ocrx_word' id='word_1_88' title='bbox 327 1163 525 1211; x_wconf 82' lang='lat' dir='ltr'><strong>scriptores</strong></span> <span class='ocrx_word' id='word_1_89' title='bbox 561 1162 604 1198; x_wconf 89' lang='lat' dir='ltr'>de</span> <span class='ocrx_word' id='word_1_90' title='bbox 638 1173 677 1198; x_wconf 85' lang='lat' dir='ltr'>ea</span> <span class='ocrx_word' id='word_1_91' title='bbox 716 1160 953 1205; x_wconf 78' lang='lat' dir='ltr'>dissentiant,</span> <span class='ocrx_word' id='word_1_92' title='bbox 996 1161 1066 1197; x_wconf 86' lang='lat' dir='ltr'>iam</span> <span class='ocrx_word' id='word_1_93' title='bbox 1095 1162 1310 1200; x_wconf 84' lang='lat' dir='ltr'><strong>Plutarchus</strong></span> <span class='ocrx_word' id='word_1_94' title='bbox 1341 1164 1418 1210; x_wconf 92' lang='lat' dir='ltr'>(vit.</span> <span class='ocrx_word' id='word_1_95' title='bbox 1439 1162 1522 1211; x_wconf 88' lang='lat' dir='ltr'><strong>Lyc.</strong></span> <span class='ocrx_word' id='word_1_96' title='bbox 1541 1173 1570 1198; x_wconf 90' lang='lat' dir='ltr'>c.</span> <span class='ocrx_word' id='word_1_97' title='bbox 1594 1162 1629 1206; x_wconf 85' lang='lat'>1)</span> 
     </span>
     <span class='ocr_line' id='line_1_18' title="bbox 222 1221 1631 1273; baseline -0.001 -13"><span class='ocrx_word' id='word_1_98' title='bbox 222 1222 406 1273; x_wconf 89' lang='lat' dir='ltr'>queritur,</span> <span class='ocrx_word' id='word_1_99' title='bbox 447 1233 515 1258; x_wconf 88' lang='lat' dir='ltr'>neo</span> <span class='ocrx_word' id='word_1_100' title='bbox 554 1222 670 1258; x_wconf 85' lang='lat' dir='ltr'>facere</span> <span class='ocrx_word' id='word_1_101' title='bbox 708 1233 903 1270; x_wconf 88' lang='lat' dir='ltr'>possumus</span> <span class='ocrx_word' id='word_1_102' title='bbox 939 1221 1047 1258; x_wconf 85' lang='lat' dir='ltr'>etiam</span> <span class='ocrx_word' id='word_1_103' title='bbox 1086 1228 1210 1260; x_wconf 90' lang='lat' dir='ltr'>nostra</span> <span class='ocrx_word' id='word_1_104' title='bbox 1247 1229 1364 1261; x_wconf 88' lang='lat' dir='ltr'>aetate</span> <span class='ocrx_word' id='word_1_105' title='bbox 1392 1223 1480 1271; x_wconf 89' lang='lat' dir='ltr'>quin</span> <span class='ocrx_word' id='word_1_106' title='bbox 1508 1222 1540 1259; x_wconf 82' lang='lat' dir='ltr'>ei</span> <span class='ocrx_word' id='word_1_107' title='bbox 1568 1222 1631 1258; x_wconf 92' lang='lat' dir='ltr'>ad-</span> 
     </span>
     <span class='ocr_line' id='line_1_19' title="bbox 223 1282 1631 1330; baseline -0.003 -9"><span class='ocrx_word' id='word_1_108' title='bbox 223 1285 435 1322; x_wconf 88' lang='lat' dir='ltr'>sentiamur.</span> <span class='ocrx_word' id='word_1_109' title='bbox 493 1283 610 1327; x_wconf 86' lang='lat' dir='ltr'>Quam</span> <span class='ocrx_word' id='word_1_110' title='bbox 640 1283 887 1319; x_wconf 85' lang='lat' dir='ltr'>difficultatem</span> <span class='ocrx_word' id='word_1_111' title='bbox 919 1282 1115 1320; x_wconf 82' lang='lat' dir='ltr'>Pausanias</span> <span class='ocrx_word' id='word_1_112' title='bbox 1145 1295 1220 1321; x_wconf 92' lang='lat' dir='ltr'>non</span> <span class='ocrx_word' id='word_1_113' title='bbox 1256 1284 1363 1320; x_wconf 93' lang='lat' dir='ltr'><strong>modo</strong></span> <span class='ocrx_word' id='word_1_114' title='bbox 1392 1294 1468 1320; x_wconf 92' lang='lat' dir='ltr'>non</span> <span class='ocrx_word' id='word_1_115' title='bbox 1495 1293 1631 1330; x_wconf 84' lang='lat' dir='ltr'><strong>cogno-</strong></span> 
     </span>
     <span class='ocr_line' id='line_1_20' title="bbox 223 1342 1633 1392; baseline -0.003 -10"><span class='ocrx_word' id='word_1_116' title='bbox 223 1346 292 1389; x_wconf 84' lang='lat' dir='ltr'>vit,</span> <span class='ocrx_word' id='word_1_117' title='bbox 325 1343 387 1380; x_wconf 87' lang='lat' dir='ltr'>sed</span> <span class='ocrx_word' id='word_1_118' title='bbox 418 1354 464 1380; x_wconf 89' lang='lat' dir='ltr'>ne</span> <span class='ocrx_word' id='word_1_119' title='bbox 493 1344 609 1379; x_wconf 90' lang='lat' dir='ltr'>sensit</span> <span class='ocrx_word' id='word_1_120' title='bbox 638 1343 811 1391; x_wconf 82' lang='lat' dir='ltr'>quidem3</span> <span class='ocrx_word' id='word_1_121' title='bbox 854 1342 897 1379; x_wconf 92' lang='lat' dir='ltr'>ab</span> <span class='ocrx_word' id='word_1_122' title='bbox 926 1343 987 1379; x_wconf 95' lang='lat' dir='ltr'>illo</span> <span class='ocrx_word' id='word_1_123' title='bbox 1016 1343 1114 1380; x_wconf 91' lang='lat' dir='ltr'>enim</span> <span class='ocrx_word' id='word_1_124' title='bbox 1142 1344 1262 1388; x_wconf 83' lang='lat' dir='ltr'>fonte,</span> <span class='ocrx_word' id='word_1_125' title='bbox 1298 1356 1370 1392; x_wconf 94' lang='lat' dir='ltr'>quo</span> <span class='ocrx_word' id='word_1_126' title='bbox 1399 1354 1486 1380; x_wconf 93' lang='lat' dir='ltr'>usus</span> <span class='ocrx_word' id='word_1_127' title='bbox 1515 1348 1570 1379; x_wconf 88' lang='lat' dir='ltr'>est</span> <span class='ocrx_word' id='word_1_128' title='bbox 1596 1342 1633 1378; x_wconf 91' lang='lat' dir='ltr'>in</span> 
     </span>
     <span class='ocr_line' id='line_1_21' title="bbox 221 1403 1634 1453; baseline -0.002 -11"><span class='ocrx_word' id='word_1_129' title='bbox 221 1416 351 1453; x_wconf 89' lang='lat' dir='ltr'><strong>regum</strong></span> <span class='ocrx_word' id='word_1_130' title='bbox 372 1404 633 1441; x_wconf 86' lang='lat' dir='ltr'><strong>Laconicorum</strong></span> <span class='ocrx_word' id='word_1_131' title='bbox 663 1403 814 1440; x_wconf 88' lang='lat' dir='ltr'>historia</span> <span class='ocrx_word' id='word_1_132' title='bbox 836 1404 1050 1448; x_wconf 89' lang='lat' dir='ltr'>enarranda,</span> <span class='ocrx_word' id='word_1_133' title='bbox 1080 1404 1222 1442; x_wconf 89' lang='lat' dir='ltr'>duabus</span> <span class='ocrx_word' id='word_1_134' title='bbox 1241 1405 1352 1442; x_wconf 88' lang='lat' dir='ltr'>rebus</span> <span class='ocrx_word' id='word_1_135' title='bbox 1374 1404 1496 1441; x_wconf 84' lang='lat' dir='ltr'>differt</span> <span class='ocrx_word' id='word_1_136' title='bbox 1519 1404 1634 1440; x_wconf 91' lang='lat' dir='ltr'><strong>Hero-</strong></span> 
     </span>
     <span class='ocr_line' id='line_1_22' title="bbox 223 1464 1633 1513; baseline -0.002 -10"><span class='ocrx_word' id='word_1_137' title='bbox 223 1466 355 1503; x_wconf 88' lang='lat' dir='ltr'>dotus:</span> <span class='ocrx_word' id='word_1_138' title='bbox 397 1465 566 1512; x_wconf 86' lang='lat' dir='ltr'>Agiadam</span> <span class='ocrx_word' id='word_1_139' title='bbox 604 1465 690 1502; x_wconf 85' lang='lat' dir='ltr'>dicit</span> <span class='ocrx_word' id='word_1_140' title='bbox 718 1464 922 1513; x_wconf 82' lang='lat' dir='ltr'><strong>Lycurgum</strong></span> <span class='ocrx_word' id='word_1_141' title='bbox 959 1471 994 1502; x_wconf 89' lang='lat' dir='ltr'>et</span> <span class='ocrx_word' id='word_1_142' title='bbox 1027 1465 1182 1502; x_wconf 87' lang='lat' dir='ltr'>Labotae</span> <span class='ocrx_word' id='word_1_143' title='bbox 1216 1467 1412 1513; x_wconf 90' lang='lat' dir='ltr'>aequalem.</span> <span class='ocrx_word' id='word_1_144' title='bbox 1469 1465 1633 1508; x_wconf 85' lang='lat' dir='ltr'><strong>Quorum</strong></span> 
     </span>
     <span class='ocr_line' id='line_1_23' title="bbox 224 1524 1634 1574; baseline -0.002 -11"><span class='ocrx_word' id='word_1_145' title='bbox 224 1525 477 1563; x_wconf 86' lang='lat' dir='ltr'>animadvertit</span> <span class='ocrx_word' id='word_1_146' title='bbox 504 1525 590 1562; x_wconf 91' lang='lat' dir='ltr'>illud</span> <span class='ocrx_word' id='word_1_147' title='bbox 611 1525 820 1569; x_wconf 77' lang='lat' dir='ltr'>Pausanias,</span> <span class='ocrx_word' id='word_1_148' title='bbox 848 1525 918 1562; x_wconf 90' lang='lat' dir='ltr'>hoc</span> <span class='ocrx_word' id='word_1_149' title='bbox 946 1524 1125 1572; x_wconf 81' lang='lat' dir='ltr'>neglexit3</span> <span class='ocrx_word' id='word_1_150' title='bbox 1154 1526 1319 1574; x_wconf 88' lang='lat' dir='ltr'>quamvis</span> <span class='ocrx_word' id='word_1_151' title='bbox 1348 1525 1446 1562; x_wconf 88' lang='lat' dir='ltr'>enim</span> <span class='ocrx_word' id='word_1_152' title='bbox 1473 1525 1512 1561; x_wconf 91' lang='lat' dir='ltr'>in</span> <span class='ocrx_word' id='word_1_153' title='bbox 1531 1525 1634 1561; x_wconf 85' lang='lat' dir='ltr'>fonte</span> 
     </span>
     <span class='ocr_line' id='line_1_24' title="bbox 224 1585 1635 1634; baseline -0.002 -11"><span class='ocrx_word' id='word_1_154' title='bbox 224 1598 291 1623; x_wconf 88' lang='lat' dir='ltr'>suo</span> <span class='ocrx_word' id='word_1_155' title='bbox 312 1585 468 1634; x_wconf 83' lang='lat' dir='ltr'>Agesilai</span> <span class='ocrx_word' id='word_1_156' title='bbox 496 1590 664 1634; x_wconf 85' lang='lat' dir='ltr'>tempore</span> <span class='ocrx_word' id='word_1_157' title='bbox 693 1585 736 1622; x_wconf 94' lang='lat' dir='ltr'>ab</span> <span class='ocrx_word' id='word_1_158' title='bbox 756 1585 920 1633; x_wconf 84' lang='lat' dir='ltr'><strong>Lycurgo</strong></span> <span class='ocrx_word' id='word_1_159' title='bbox 950 1586 1044 1633; x_wconf 88' lang='lat' dir='ltr'>leges</span> <span class='ocrx_word' id='word_1_160' title='bbox 1073 1598 1152 1623; x_wconf 88' lang='lat' dir='ltr'>esse</span> <span class='ocrx_word' id='word_1_161' title='bbox 1181 1587 1270 1623; x_wconf 90' lang='lat' dir='ltr'>latas</span> <span class='ocrx_word' id='word_1_162' title='bbox 1290 1586 1480 1629; x_wconf 85' lang='lat' dir='ltr'>inveniret,</span> <span class='ocrx_word' id='word_1_163' title='bbox 1510 1590 1635 1621; x_wconf 86' lang='lat' dir='ltr'>tamen</span> 
     </span>
     <span class='ocr_line' id='line_1_25' title="bbox 225 1645 1635 1694; baseline -0.001 -12"><span class='ocrx_word' id='word_1_164' title='bbox 225 1646 430 1694; x_wconf 82' lang='lat' dir='ltr'><strong>Lycurgum</strong></span> <span class='ocrx_word' id='word_1_165' title='bbox 467 1645 627 1682; x_wconf 90' lang='lat' dir='ltr'>Labotae</span> <span class='ocrx_word' id='word_1_166' title='bbox 664 1650 821 1682; x_wconf 86' lang='lat' dir='ltr'>tutorem</span> <span class='ocrx_word' id='word_1_167' title='bbox 863 1645 974 1682; x_wconf 86' lang='lat' dir='ltr'>fuisse</span> <span class='ocrx_word' id='word_1_168' title='bbox 1014 1658 1055 1682; x_wconf 89' lang='lat' dir='ltr'>ex</span> <span class='ocrx_word' id='word_1_169' title='bbox 1091 1646 1275 1683; x_wconf 83' lang='lat' dir='ltr'><strong>Herodoto</strong></span> <span class='ocrx_word' id='word_1_170' title='bbox 1315 1645 1635 1689; x_wconf 83' lang='lat' dir='ltr'><strong>commemoravit;</strong></span> 
     </span>
     <span class='ocr_line' id='line_1_26' title="bbox 224 1706 1633 1756; baseline -0.001 -13"><span class='ocrx_word' id='word_1_171' title='bbox 224 1718 306 1743; x_wconf 90' lang='lat' dir='ltr'>cum</span> <span class='ocrx_word' id='word_1_172' title='bbox 343 1711 466 1743; x_wconf 90' lang='lat' dir='ltr'>autem</span> <span class='ocrx_word' id='word_1_173' title='bbox 510 1706 569 1742; x_wconf 90' lang='lat' dir='ltr'>hic</span> <span class='ocrx_word' id='word_1_174' title='bbox 611 1711 782 1754; x_wconf 87' lang='lat' dir='ltr'>patruum</span> <span class='ocrx_word' id='word_1_175' title='bbox 823 1706 933 1743; x_wconf 86' lang='lat' dir='ltr'>fuisse</span> <span class='ocrx_word' id='word_1_176' title='bbox 968 1706 1145 1752; x_wconf 88' lang='lat' dir='ltr'>Labotae,</span> <span class='ocrx_word' id='word_1_177' title='bbox 1185 1707 1309 1756; x_wconf 87' lang='lat' dir='ltr'>itaque</span> <span class='ocrx_word' id='word_1_178' title='bbox 1344 1707 1514 1754; x_wconf 86' lang='lat' dir='ltr'>Agiadam</span> <span class='ocrx_word' id='word_1_179' title='bbox 1549 1716 1633 1742; x_wconf 90' lang='lat' dir='ltr'>eum</span> 
     </span>
     <span class='ocr_line' id='line_1_27' title="bbox 226 1764 1636 1817; baseline -0.001 -13"><span class='ocrx_word' id='word_1_180' title='bbox 226 1767 396 1811; x_wconf 83' lang='lat' dir='ltr'>dixisset,</span> <span class='ocrx_word' id='word_1_181' title='bbox 430 1767 612 1815; x_wconf 84' lang='lat' dir='ltr'>periegeta</span> <span class='ocrx_word' id='word_1_182' title='bbox 641 1767 810 1804; x_wconf 89' lang='lat' dir='ltr'>consulto</span> <span class='ocrx_word' id='word_1_183' title='bbox 840 1767 946 1804; x_wconf 89' lang='lat' dir='ltr'>verba</span> <span class='ocrx_word' id='word_1_184' title='bbox 982 1764 1230 1817; x_wconf 78' lang='grc' dir='ltr'><strong><em>ἀδελφιδέου</em></strong></span> <span class='ocrx_word' id='word_1_185' title='bbox 1259 1769 1333 1816; x_wconf 76' lang='grc' dir='ltr'>μὲν</span> <span class='ocrx_word' id='word_1_186' title='bbox 1361 1765 1512 1805; x_wconf 81' lang='grc' dir='ltr'><strong><em>ἑωυτοῦ</em></strong></span> <span class='ocrx_word' id='word_1_187' title='bbox 1542 1766 1636 1804; x_wconf 93' lang='lat' dir='ltr'><strong>omi-</strong></span> 
     </span>
     <span class='ocr_line' id='line_1_28' title="bbox 224 1827 1635 1876; baseline 0 -12"><span class='ocrx_word' id='word_1_188' title='bbox 224 1829 290 1872; x_wconf 87' lang='lat' dir='ltr'>sit,</span> <span class='ocrx_word' id='word_1_189' title='bbox 328 1828 411 1876; x_wconf 88' lang='lat' dir='ltr'>quia</span> <span class='ocrx_word' id='word_1_190' title='bbox 441 1827 726 1876; x_wconf 85' lang='lat' dir='ltr'>Eurypontidam</span> <span class='ocrx_word' id='word_1_191' title='bbox 754 1827 869 1864; x_wconf 83' lang='lat' dir='ltr'>fuisse</span> <span class='ocrx_word' id='word_1_192' title='bbox 898 1828 1101 1876; x_wconf 86' lang='lat' dir='ltr'><strong>Lycurgum</strong></span> <span class='ocrx_word' id='word_1_193' title='bbox 1131 1841 1174 1865; x_wconf 86' lang='lat' dir='ltr'>ex</span> <span class='ocrx_word' id='word_1_194' title='bbox 1201 1829 1314 1865; x_wconf 79' lang='lat' dir='ltr'>fontis</span> <span class='ocrx_word' id='word_1_195' title='bbox 1344 1828 1401 1865; x_wconf 90' lang='lat' dir='ltr'>sui</span> <span class='ocrx_word' id='word_1_196' title='bbox 1437 1828 1635 1865; x_wconf 85' lang='lat' dir='ltr'>traditione</span> 
     </span>
     <span class='ocr_line' id='line_1_29' title="bbox 227 1888 1629 1937; baseline 0 -12"><span class='ocrx_word' id='word_1_197' title='bbox 227 1889 351 1925; x_wconf 88' lang='lat' dir='ltr'>sciret.</span> <span class='ocrx_word' id='word_1_198' title='bbox 399 1888 525 1937; x_wconf 86' lang='lat' dir='ltr'>Itaque</span> <span class='ocrx_word' id='word_1_199' title='bbox 553 1890 692 1926; x_wconf 87' lang='lat' dir='ltr'><strong>formae</strong></span> <span class='ocrx_word' id='word_1_200' title='bbox 720 1893 865 1926; x_wconf 89' lang='lat' dir='ltr'>tantum</span> <span class='ocrx_word' id='word_1_201' title='bbox 895 1889 1105 1927; x_wconf 84' lang='lat' dir='ltr'>varietatem</span> <span class='ocrx_word' id='word_1_202' title='bbox 1126 1889 1322 1933; x_wconf 82' lang='lat' dir='ltr'>adnotavit,</span> <span class='ocrx_word' id='word_1_203' title='bbox 1352 1901 1423 1937; x_wconf 87' lang='lat' dir='ltr'>qua</span> <span class='ocrx_word' id='word_1_204' title='bbox 1441 1900 1504 1926; x_wconf 88' lang='lat' dir='ltr'>rex</span> <span class='ocrx_word' id='word_1_205' title='bbox 1524 1889 1629 1925; x_wconf 86' lang='lat' dir='ltr'><strong>Lace-</strong></span> 
     </span>
     <span class='ocr_line' id='line_1_30' title="bbox 228 1948 1635 1998; baseline -0.001 -13"><span class='ocrx_word' id='word_1_206' title='bbox 228 1949 502 1985; x_wconf 77' lang='lat' dir='ltr'>daemonorium</span> <span class='ocrx_word' id='word_1_207' title='bbox 534 1949 577 1985; x_wconf 91' lang='lat' dir='ltr'>ab</span> <span class='ocrx_word' id='word_1_208' title='bbox 598 1949 783 1986; x_wconf 86' lang='lat' dir='ltr'><strong>Herodoto</strong></span> <span class='ocrx_word' id='word_1_209' title='bbox 811 1949 933 1985; x_wconf 88' lang='lat' dir='ltr'>Ionice</span> <span class='ocrx_word' id='word_1_210' title='bbox 951 1948 1190 1998; x_wconf 79' lang='grc' dir='ltr'><strong><em>Λεωβώτης</em></strong></span> <span class='ocrx_word' id='word_1_211' title='bbox 1210 1950 1400 1986; x_wconf 88' lang='lat' dir='ltr'><strong>diceretur.</strong></span> <span class='ocrx_word' id='word_1_212' title='bbox 1449 1950 1635 1985; x_wconf 84' lang='lat' dir='ltr'>Praeterea</span> 
     </span>
    </p>
   </div>
   <div class='ocr_carea' id='block_1_4' title="bbox 227 2008 1634 2116">
    <p class='ocr_par' dir='ltr' id='par_1_4' title="bbox 227 2008 1634 2116">
     <span class='ocr_line' id='line_1_31' title="bbox 227 2008 1634 2056; baseline 0 -11"><span class='ocrx_word' id='word_1_213' title='bbox 227 2008 271 2045; x_wconf 89' lang='lat' dir='ltr'>de</span> <span class='ocrx_word' id='word_1_214' title='bbox 306 2008 467 2056; x_wconf 91' lang='lat' dir='ltr'>ipsarum</span> <span class='ocrx_word' id='word_1_215' title='bbox 504 2009 625 2056; x_wconf 89' lang='lat' dir='ltr'><strong>legum</strong></span> <span class='ocrx_word' id='word_1_216' title='bbox 661 2008 800 2056; x_wconf 88' lang='lat' dir='ltr'><strong>origine</strong></span> <span class='ocrx_word' id='word_1_217' title='bbox 837 2009 927 2046; x_wconf 91' lang='lat' dir='ltr'>duas</span> <span class='ocrx_word' id='word_1_218' title='bbox 968 2022 1011 2046; x_wconf 89' lang='lat' dir='ltr'>ex</span> <span class='ocrx_word' id='word_1_219' title='bbox 1047 2009 1233 2047; x_wconf 88' lang='lat' dir='ltr'><strong>Herodoto</strong></span> <span class='ocrx_word' id='word_1_220' title='bbox 1271 2011 1375 2047; x_wconf 83' lang='lat' dir='ltr'>affert</span> <span class='ocrx_word' id='word_1_221' title='bbox 1410 2009 1634 2052; x_wconf 86' lang='lat' dir='ltr'>traditiones,</span> 
     </span>
     <span class='ocr_line' id='line_1_32' title="bbox 229 2068 1222 2116; baseline 0 -11"><span class='ocrx_word' id='word_1_222' title='bbox 229 2068 378 2105; x_wconf 89' lang='lat' dir='ltr'>alteram</span> <span class='ocrx_word' id='word_1_223' title='bbox 410 2068 628 2116; x_wconf 90' lang='lat' dir='ltr'>Delphicam,</span> <span class='ocrx_word' id='word_1_224' title='bbox 658 2069 807 2105; x_wconf 89' lang='lat' dir='ltr'>alteram</span> <span class='ocrx_word' id='word_1_225' title='bbox 837 2069 1222 2107; x_wconf 88' lang='lat' dir='ltr'>Lacedaemoniorum.</span> 
     </span>
    </p>
   </div>
   <div class='ocr_carea' id='block_1_5' title="bbox 226 2136 1637 2440">
    <p class='ocr_par' dir='ltr' id='par_1_5' title="bbox 226 2136 1637 2373">
     <span class='ocr_line' id='line_1_33' title="bbox 330 2136 1635 2190; baseline -0.002 -14"><span class='ocrx_word' id='word_1_226' title='bbox 330 2139 365 2176; x_wconf 87' lang='lat'>2.</span> <span class='ocrx_word' id='word_1_227' title='bbox 422 2139 527 2176; x_wconf 85' lang='lat' dir='ltr'>Paus.</span> <span class='ocrx_word' id='word_1_228' title='bbox 553 2139 612 2176; x_wconf 90' lang='lat'>111.</span> <span class='ocrx_word' id='word_1_229' title='bbox 641 2139 703 2183; x_wconf 85' lang='lat'>25,</span> <span class='ocrx_word' id='word_1_230' title='bbox 734 2140 767 2175; x_wconf 88' lang='lat'>7.</span> <span class='ocrx_word' id='word_1_231' title='bbox 826 2136 1075 2190; x_wconf 76' lang='grc' dir='ltr'><strong><em>ἀναθήματα</em></strong></span> <span class='ocrx_word' id='word_1_232' title='bbox 1111 2139 1157 2177; x_wconf 80' lang='grc' dir='ltr'>δὲ</span> <span class='ocrx_word' id='word_1_233' title='bbox 1194 2137 1299 2177; x_wconf 81' lang='grc' dir='ltr'><strong><em>ἄλλα</em></strong></span> <span class='ocrx_word' id='word_1_234' title='bbox 1335 2136 1379 2177; x_wconf 84' lang='grc' dir='ltr'>τέ</span> <span class='ocrx_word' id='word_1_235' title='bbox 1418 2137 1530 2176; x_wconf 76' lang='grc' dir='ltr'><strong><em>ἔστιν</em></strong></span> <span class='ocrx_word' id='word_1_236' title='bbox 1564 2136 1635 2175; x_wconf 76' lang='grc' dir='ltr'>ἐπὶ</span> 
     </span>
     <span class='ocr_line' id='line_1_34' title="bbox 231 2196 1637 2250; baseline -0.001 -14"><span class='ocrx_word' id='word_1_237' title='bbox 231 2197 420 2250; x_wconf 84' lang='grc' dir='ltr'><strong><em>Ταινάρῳ</em></strong></span> <span class='ocrx_word' id='word_1_238' title='bbox 450 2198 518 2236; x_wconf 84' lang='grc' dir='ltr'><strong><em>καὶ</em></strong></span> <span class='ocrx_word' id='word_1_239' title='bbox 541 2196 687 2249; x_wconf 68' lang='grc' dir='ltr'><strong><em>’Λρίων</em></strong></span> <span class='ocrx_word' id='word_1_240' title='bbox 715 2196 738 2236; x_wconf 83' lang='grc' dir='ltr'>ὁ</span> <span class='ocrx_word' id='word_1_241' title='bbox 766 2198 1000 2250; x_wconf 76' lang='grc' dir='ltr'><strong><em>κιθαρῳδὸς</em></strong></span> <span class='ocrx_word' id='word_1_242' title='bbox 1031 2199 1204 2247; x_wconf 83' lang='grc' dir='ltr'><strong><em>χαλκοῦς</em></strong></span> <span class='ocrx_word' id='word_1_243' title='bbox 1232 2196 1303 2237; x_wconf 76' lang='grc' dir='ltr'>ἐπὶ</span> <span class='ocrx_word' id='word_1_244' title='bbox 1332 2198 1536 2247; x_wconf 84' lang='grc' dir='ltr'><strong><em>δελφῖνος.</em></strong></span> <span class='ocrx_word' id='word_1_245' title='bbox 1586 2197 1637 2235; x_wconf 84' lang='grc' dir='ltr'>τὰ</span> 
     </span>
     <span class='ocr_line' id='line_1_35' title="bbox 226 2255 1636 2311; baseline -0.001 -14"><span class='ocrx_word' id='word_1_246' title='bbox 226 2258 300 2309; x_wconf 81' lang='grc' dir='ltr'>μὲν</span> <span class='ocrx_word' id='word_1_247' title='bbox 328 2256 399 2298; x_wconf 87' lang='grc' dir='ltr'>οὖν</span> <span class='ocrx_word' id='word_1_248' title='bbox 427 2258 467 2304; x_wconf 82' lang='grc' dir='ltr'>ἒς</span> <span class='ocrx_word' id='word_1_249' title='bbox 495 2256 617 2297; x_wconf 80' lang='grc' dir='ltr'><strong><em>αὐτὸν</em></strong></span> <span class='ocrx_word' id='word_1_250' title='bbox 631 2256 796 2309; x_wconf 76' lang='grc' dir='ltr'><strong><em>Ἀρίονα</em></strong></span> <span class='ocrx_word' id='word_1_251' title='bbox 824 2259 892 2297; x_wconf 85' lang='grc' dir='ltr'><strong><em>καὶ</em></strong></span> <span class='ocrx_word' id='word_1_252' title='bbox 921 2258 972 2297; x_wconf 79' lang='grc' dir='ltr'>τὰ</span> <span class='ocrx_word' id='word_1_253' title='bbox 999 2259 1071 2298; x_wconf 75' lang='grc' dir='ltr'>ἐπὶ</span> <span class='ocrx_word' id='word_1_254' title='bbox 1100 2260 1156 2311; x_wconf 77' lang='grc' dir='ltr'>τῷ</span> <span class='ocrx_word' id='word_1_255' title='bbox 1179 2259 1342 2311; x_wconf 83' lang='grc' dir='ltr'><strong><em>δελφῖνι</em></strong></span> <span class='ocrx_word' id='word_1_256' title='bbox 1368 2255 1636 2309; x_wconf 76' lang='grc' dir='ltr'><strong><em>“Ηρόδοτος</em></strong></span> 
     </span>
     <span class='ocr_line' id='line_1_36' title="bbox 226 2317 1247 2373; baseline -0.001 -16"><span class='ocrx_word' id='word_1_257' title='bbox 226 2321 377 2358; x_wconf 81' lang='grc' dir='ltr'><strong><em>εἶπεν</em></strong></span> <span class='ocrx_word' id='word_1_258' title='bbox 405 2317 568 2370; x_wconf 76' lang='grc' dir='ltr'><strong><em>ἀκοὴν</em></strong></span> <span class='ocrx_word' id='word_1_259' title='bbox 596 2319 648 2357; x_wconf 77' lang='grc' dir='ltr'>ἓν</span> <span class='ocrx_word' id='word_1_260' title='bbox 675 2320 732 2372; x_wconf 81' lang='grc' dir='ltr'>τῇ</span> <span class='ocrx_word' id='word_1_261' title='bbox 764 2318 940 2367; x_wconf 77' lang='grc' dir='ltr'><strong><em>Λυδίᾳ</em></strong></span> <span class='ocrx_word' id='word_1_262' title='bbox 968 2320 1247 2373; x_wconf 76' lang='grc' dir='ltr'><strong><em>συγγραφῇ.</em></strong></span> 
     </span>
    </p>

    <p class='ocr_par' dir='ltr' id='par_1_6' title="bbox 332 2390 695 2440">
     <span class='ocr_line' id='line_1_37' title="bbox 332 2390 695 2440; baseline 0 -12"><span class='ocrx_word' id='word_1_263' title='bbox 332 2391 377 2429; x_wconf 75' lang='lat' dir='ltr'>cf,</span> <span class='ocrx_word' id='word_1_264' title='bbox 399 2391 485 2429; x_wconf 88' lang='lat' dir='ltr'><strong>Her.</strong></span> <span class='ocrx_word' id='word_1_265' title='bbox 505 2391 529 2429; x_wconf 92' lang='grc' dir='ltr'>Ι.</span> <span class='ocrx_word' id='word_1_266' title='bbox 554 2390 603 2429; x_wconf 83' lang='lat'>23</span> <span class='ocrx_word' id='word_1_267' title='bbox 616 2403 695 2440; x_wconf 90' lang='lat' dir='ltr'>sqq.</span> 
     </span>
    </p>
   </div>
   <div class='ocr_carea' id='block_1_6' title="bbox 225 2460 1636 2676">
    <p class='ocr_par' dir='ltr' id='par_1_7' title="bbox 225 2460 1636 2632">
     <span class='ocr_line' id='line_1_38' title="bbox 329 2460 1635 2509; baseline -0.002 -11"><span class='ocrx_word' id='word_1_268' title='bbox 329 2462 378 2499; x_wconf 86' lang='lat' dir='ltr'>Ut</span> <span class='ocrx_word' id='word_1_269' title='bbox 406 2463 515 2499; x_wconf 91' lang='lat' dir='ltr'><strong>modo</strong></span> <span class='ocrx_word' id='word_1_270' title='bbox 545 2463 589 2499; x_wconf 91' lang='lat' dir='ltr'>de</span> <span class='ocrx_word' id='word_1_271' title='bbox 609 2462 791 2499; x_wconf 87' lang='lat' dir='ltr'>Clisthene</span> <span class='ocrx_word' id='word_1_272' title='bbox 811 2462 975 2498; x_wconf 87' lang='lat' dir='ltr'>Telesilla</span> <span class='ocrx_word' id='word_1_273' title='bbox 996 2461 1232 2509; x_wconf 83' lang='lat' dir='ltr'>Aethiopibus</span> <span class='ocrx_word' id='word_1_274' title='bbox 1261 2460 1427 2504; x_wconf 85' lang='lat' dir='ltr'>vidimus,</span> <span class='ocrx_word' id='word_1_275' title='bbox 1456 2460 1515 2496; x_wconf 87' lang='lat' dir='ltr'>hic</span> <span class='ocrx_word' id='word_1_276' title='bbox 1544 2469 1635 2508; x_wconf 92' lang='lat' dir='ltr'><strong>quo-</strong></span> 
     </span>
     <span class='ocr_line' id='line_1_39' title="bbox 225 2517 1636 2572; baseline -0.001 -13"><span class='ocrx_word' id='word_1_277' title='bbox 225 2534 295 2571; x_wconf 91' lang='lat' dir='ltr'>que</span> <span class='ocrx_word' id='word_1_278' title='bbox 331 2523 374 2560; x_wconf 92' lang='lat' dir='ltr'>ad</span> <span class='ocrx_word' id='word_1_279' title='bbox 405 2527 685 2560; x_wconf 88' lang='lat' dir='ltr'>monumentum</span> <span class='ocrx_word' id='word_1_280' title='bbox 719 2522 1037 2572; x_wconf 88' lang='lat' dir='ltr'>interpretandum</span> <span class='ocrx_word' id='word_1_281' title='bbox 1073 2518 1191 2559; x_wconf 85' lang='lat' dir='ltr'>adiicit</span> <span class='ocrx_word' id='word_1_282' title='bbox 1221 2521 1417 2559; x_wconf 91' lang='lat' dir='ltr'>Pausanias</span> <span class='ocrx_word' id='word_1_283' title='bbox 1446 2517 1565 2567; x_wconf 80' lang='grc' dir='ltr'><strong><em>λόγον</em></strong></span> <span class='ocrx_word' id='word_1_284' title='bbox 1594 2532 1636 2557; x_wconf 86' lang='lat' dir='ltr'>ex</span> 
     </span>
     <span class='ocr_line' id='line_1_40' title="bbox 225 2581 1635 2632; baseline -0.001 -14"><span class='ocrx_word' id='word_1_285' title='bbox 225 2582 408 2620; x_wconf 86' lang='lat' dir='ltr'>Herodoto</span> <span class='ocrx_word' id='word_1_286' title='bbox 439 2585 489 2629; x_wconf 93' lang='lat' dir='ltr'>(et</span> <span class='ocrx_word' id='word_1_287' title='bbox 516 2588 613 2620; x_wconf 89' lang='lat' dir='ltr'>recte</span> <span class='ocrx_word' id='word_1_288' title='bbox 642 2583 788 2631; x_wconf 88' lang='lat' dir='ltr'>quidem</span> <span class='ocrx_word' id='word_1_289' title='bbox 818 2583 997 2632; x_wconf 87' lang='lat' dir='ltr'>periegeta</span> <span class='ocrx_word' id='word_1_290' title='bbox 1027 2582 1209 2631; x_wconf 88' lang='lat' dir='ltr'><strong>Lydorum</strong></span> <span class='ocrx_word' id='word_1_291' title='bbox 1238 2582 1426 2619; x_wconf 89' lang='lat' dir='ltr'>historiam</span> <span class='ocrx_word' id='word_1_292' title='bbox 1457 2581 1635 2625; x_wconf 88' lang='lat' dir='ltr'>nominat,</span> 
     </span>
    </p>

    <p class='ocr_par' dir='ltr' id='par_1_8' title="bbox 1420 2645 1438 2676">
     <span class='ocr_line' id='line_1_41' title="bbox 1420 2645 1438 2676; baseline 0 0"><span class='ocrx_word' id='word_1_293' title='bbox 1420 2645 1438 2676; x_wconf 78' lang='lat'><em>2</em></span> 
     </span>
    </p>
   </div>
  </div>
 </body>
</html>
