1811 2933
790 112 1065 150 -24-

214 226 321 258 natus
350 221 418 264 sit,
454 220 669 258 Plutarchus
699 220 1008 264 Chaeroneensis,
1044 225 1169 268 aperte
1197 225 1377 268 repugnet
1404 219 1629 258 Pausaniae?

212 282 306 318 Dicit
333 282 432 318 enim
462 282 549 318 Sull.
582 282 638 324 15,
666 282 751 329 5sq.
783 279 856 318 διὰ
881 281 1009 318 ταῦτα
1036 280 1110 329 μὲν
1137 279 1178 324 ἐς
1205 279 1277 330 την
1303 281 1513 319 Βοιωτίαν
1540 277 1630 318 ἆνε-

216 340 348 386 ζευξεν
384 339 406 380 o‘
434 339 601 386 Σύλλας.
653 339 863 393 Ὁρτήσιον
891 340 936 380 δὲ
969 339 1122 392 Κάφις,
1152 338 1342 392 ἡμέτερος
1372 339 1446 386 ὤν,
1478 340 1631 392 ἑτέραις

213 402 327 447 ὁδοῖς
363 402 620 452 ψευσάμενος
657 401 752 446 τοὺς
786 400 1017 451 βαρβάρους
1052 400 1124 439 διὰ
1156 402 1228 438 τοῦ
1259 401 1481 450 Παρνασοῦ
1509 401 1631 451 κατῆ-

212 476 281 510 γεν
309 459 377 501 ὑπ’
406 459 533 513 αὐτὴν
560 461 632 512 τὴν
657 459 861 511 Τιθόραν,
892 459 1007 500 οὔπω
1027 458 1227 511 τοσαύτην
1247 459 1371 499 πόλιν
1390 458 1532 507 οὖσαν,
1553 457 1629 513 ὅση

212 524 284 562 νῦν
312 522 445 568 ἐστίν,
475 518 584 560 ἄλλα
611 521 810 573 φρούριον
839 520 1051 573 ἆποῤῥαῖγι
1080 522 1239 572 κρημνῷ
1268 521 1630 572 περικοπτόμενον,

214 584 272 628 εἷς
312 581 333 621 ὃ
373 583 441 620 καὶ
470 581 602 620 πάλαι
632 583 732 621 ποτὲ
762 584 939 621 Φωκέων
968 580 1008 620 οἳ
1036 581 1188 632 Ξέρξην
1216 581 1389 620 ἐπιόντα
1416 580 1631 633 φεύγοντες

213 642 534 684 ἀνεσκευάσαντο
571 643 642 682 καὶ
680 642 957 695 διεσώθησαν.
1012 642 1195 683 ἐνταῦθα
1229 642 1630 694 καταστρατοπεδεύ-

213 717 288 750 σας
317 704 526 755 Ὁρτήσιος
564 701 715 755 ἦμέρας
743 705 819 754 μὲν
846 703 1128 754 ἀπεκρούσατο
1156 704 1248 749 τοὺς
1277 704 1524 754 πολεμίους,
1559 705 1629 743 νύ-

214 780 316 816 κτωρ
359 765 393 803 δ’
434 765 506 803 ἐπὶ
545 765 791 816 Πατρωνίδα
829 771 919 809 ταῖς
953 761 1199 813 δυσχωρίαις
1234 764 1412 814 καταβὰς
1450 762 1630 816 ἀπαντή-

214 837 331 865 σαντι
360 828 415 878 τῷ
443 822 579 874 Σύλλᾳ
606 826 709 876 μετὰ
736 826 805 877 τῆς
834 823 1044 875 δυνάμεως
1072 824 1293 875 συνέμιξεν.
1352 826 1488 863 Eodem
1518 827 1629 874 igitur

213 890 292 925 loco
322 888 558 924 Hortensium
589 887 637 923 ait
665 894 779 923 castra
809 888 987 935 posuisse,
1017 899 1088 934 quo
1117 887 1320 923 Phocenses
1349 898 1368 923 a
1387 886 1507 924 Xerxe
1535 888 1630 935 pulsi

215 948 485 995 confugissent,
529 948 566 984 in
610 948 743 996 oppido
782 948 957 984 nimirum
987 948 1155 990 Tithora,
1191 948 1288 995 quod
1325 947 1392 984 loci
1428 948 1629 985 declivitate

214 1010 376 1058 undique
406 1009 589 1046 munitum
620 1008 742 1046 multis
770 1008 995 1056 fugientibus
1025 1008 1204 1057 praesidio
1233 1020 1310 1046 esse
1340 1009 1530 1057 potuisset.

321 1070 580 1115 Quamobrem,
609 1070 639 1106 si
669 1070 841 1118 oppidum
872 1071 1238 1118 quantulumcunque
1273 1075 1351 1107 erat
1379 1070 1461 1107 belli
1491 1070 1627 1108 Persici

214 1138 332 1171 aetate
361 1132 521 1174 Tithora,
550 1132 647 1168 idern
679 1143 759 1169 esse
789 1143 864 1169 non
895 1133 1014 1181 potuit
1043 1143 1126 1170 cum
1161 1132 1299 1175 Neone,
1330 1131 1426 1180 quod
1464 1131 1627 1169 Herodo-

215 1200 273 1232 tus
315 1198 458 1242 praeter
498 1192 685 1229 Tithoram
729 1193 831 1229 affert
875 1193 980 1240 (vm.
1004 1192 1079 1241 33).
1150 1192 1275 1241 Itaque
1319 1198 1382 1229 aut
1423 1192 1628 1229 Herodotus

214 1255 299 1291 falsa
329 1253 478 1291 tradidit
505 1258 569 1290 aut
584 1253 780 1290 Pausanias
809 1254 1035 1290 Herodotum
1065 1254 1157 1290 male
1176 1251 1421 1299 intellexitffl).
1465 1253 1516 1289 Ac
1543 1264 1629 1301 pro-

215 1316 309 1351 fecto
356 1314 528 1362 respicias
575 1313 754 1350 Herodoti
800 1313 905 1350 verba
953 1311 1046 1350 ἔστι
1082 1311 1128 1349 δὲ
1295 1311 1371 1349 τοῦ
1412 1312 1630 1362 Παρνησοῦ

215 1371 238 1424 ἡ
273 1372 446 1424 κορυφή,
485 1371 610 1410 κατὰ
652 1374 821 1410 Νέωνα
863 1370 1013 1411 πόλιν
1054 1374 1254 1424 κειμένη
1297 1371 1374 1423 ἐφ’
1416 1371 1628 1423 ἑωυτῆς·

221 1432 405 1484 Τιθορέα
435 1432 590 1484 οὔνομα
619 1430 732 1484 αὐτῇ.
789 1435 886 1478 Quid
916 1435 1034 1472 dicere
1068 1435 1201 1473 vellent
1229 1435 1336 1473 verba
1373 1434 1534 1484 κειμένη
1563 1433 1629 1484 ἐφ’

215 1495 376 1545 ἑωυτῆς,
420 1496 489 1532 nisi
532 1496 652 1532 locum
695 1495 903 1532 Tithoream
947 1495 1176 1532 nominatum
1213 1496 1250 1532 in
1286 1495 1627 1543 regionequidem

217 1557 329 1593 situm
359 1568 436 1592 esse
466 1555 566 1592 urbis
597 1555 744 1598 Neonis‚
787 1556 847 1592 sed
878 1555 921 1592 ab
958 1567 998 1592 ea
1038 1556 1261 1593 disiunctum
1292 1568 1358 1604 per
1385 1567 1424 1593 se
1453 1555 1628 1604 oppidum

215 1617 268 1652 vel
298 1616 488 1652 castellum
518 1614 625 1652 esse?
682 1616 786 1659 Quod
816 1621 937 1652 autem
966 1615 1173 1653 Herodotus
1208 1627 1275 1664 pro
1304 1616 1451 1652 castello
1479 1616 1518 1652 in
1546 1627 1627 1652 ver-

215 1676 285 1712 tice
334 1676 468 1712 montis
516 1675 586 1712 sito
633 1676 688 1712 vel
734 1686 880 1712 summo
923 1675 1038 1712 monti
1079 1675 1259 1724 applicato
1302 1681 1465 1713 montem
1506 1676 1627 1724 ipsum

217 1736 359 1779 dixerit,
390 1746 478 1772 sane
506 1735 642 1784 ignosci
672 1740 805 1783 potest.

324 1796 395 1833 Ter
423 1796 534 1843 igitur
562 1797 633 1833 hoe
661 1797 738 1833 loco
767 1796 899 1833 erravit
927 1796 1137 1839 Pausanias,
1168 1807 1250 1833 cum
1280 1801 1317 1833 et
1344 1796 1570 1834 Herodotum
1593 1801 1630 1833 et

215 1857 387 1894 Bacidem
424 1857 516 1893 male
543 1854 777 1905 [intelligeret
805 1862 841 1893 et
882 1868 974 1904 quae
1016 1856 1085 1893 sibi
1119 1856 1156 1893 in
1184 1868 1312 1893 eorum
1355 1857 1474 1894 verbis
1515 1868 1627 1905 repu-

214 1929 326 1964 gnare
356 1917 580 1960 viderentur,
611 1917 820 1953 coniectura
849 1917 1008 1964 expediri
1038 1928 1146 1964 posse
1175 1917 1352 1953 crederet.

298 2088 336 2124 ⁸⁴)
360 2087 392 2117 In
425 2087 552 2117 eandem
583 2086 771 2116 sententiam
803 2087 882 2116 abiit
904 2086 941 2116 N.
968 2087 1001 2116 H.
1026 2087 1201 2118 Ulrichsius
1235 2087 1462 2129 (‘topographie
1489 2086 1556 2117 und
1582 2088 1629 2117 in·

214 2138 370 2177 Schriften
393 2147 451 2168 von
477 2135 616 2167 Tithora'
641 2137 673 2167 in
696 2146 803 2167 museo
829 2136 973 2167 Rhenano
998 2148 1025 2167 n.
1050 2148 1075 2169 s.
1097 2137 1123 2168 ll
1147 2148 1174 2178 p.
1192 2138 1251 2169 547
1275 2152 1317 2164 =
1339 2139 1450 2170 ‘rei-sem
1473 2137 1539 2168 und
1558 2138 1630 2177 for-

214 2186 385 2227 schungen’
407 2187 432 2217 11
456 2198 483 2226 p.
504 2188 562 2218 114
572 2188 668 2225 sqq.)‚
692 2187 742 2225 qui
766 2191 797 2217 et
820 2187 888 2226 ipse
910 2188 987 2217 haec
1010 2188 1080 2217 loca
1105 2188 1205 2227 vidit,
1228 2198 1296 2218 cum
1320 2198 1470 2218 summum
1494 2192 1627 2218 montem

215 2238 267 2267 diu
290 2236 416 2267 defendi
441 2246 533 2276 posse
557 2240 705 2273 negaret:
730 2236 862 2266 Daulide
885 2236 967 2266 enim
990 2246 1059 2267 esse
1081 2236 1265 2268 facillimum
1287 2238 1347 2269 huc
1370 2238 1498 2268 aditum.
1543 2237 1627 2268 Neo-

214 2297 281 2318 nem
311 2291 476 2327 praeterea
500 2290 743 2317 commemorant
766 2286 988 2317 Demosthenes
1012 2286 1090 2318 XIX
1112 2298 1141 2328 p.
1163 2288 1236 2326 148,
1266 2288 1423 2319 Androtio
1446 2289 1525 2328 apud
1549 2288 1628 2319 Har-

214 2342 333 2376 pocrat.
359 2347 383 2367 s.
407 2347 437 2366 v.
461 2337 572 2368 Νεῶσι
597 2335 636 2366 ef.
661 2346 685 2366 s.
710 2346 739 2366 v.
763 2332 872 2373 Νεών,
896 2336 1071 2367 Demetrius
1086 2337 1233 2377 Scepsius
1257 2348 1304 2378 ap.
1322 2338 1424 2368 Strab.
1445 2338 1489 2368 lX
1510 2348 1539 2377 p.
1555 2338 1628 2368 439.

214 2387 393 2424 Diogenian.
424 2397 471 2426 ap.
497 2386 584 2416 Phot.
616 2396 645 2416 v.
670 2383 781 2417 Νεών.
817 2386 910 2416 Certe
941 2386 1039 2425 igitur
1063 2387 1215 2417 Demetrii
1238 2392 1342 2418 aetate
1371 2387 1419 2426 (ll.
1444 2393 1539 2427 saec.)
1567 2387 1629 2418 fuit

214 2437 358 2477 oppidum
381 2436 467 2468 Neon
502 2437 706 2477 appellatum,
741 2446 800 2477 quo
829 2437 890 2467 iam
918 2436 1074 2468 refutatur
1098 2436 1272 2468 Pausaniae
1301 2438 1338 2468 de
1362 2438 1497 2469 nominis
1520 2443 1627 2468 trans-

214 2488 332 2517 latione
356 2488 551 2518 coniectura.
597 2487 764 2518 Praeterea
790 2489 859 2519 veri
884 2492 933 2518 est
956 2487 1111 2518 dissimile
1134 2497 1152 2517 a
1168 2489 1280 2519 Bacide
1296 2488 1503 2519 Tithorenses
1527 2490 1627 2520 dictos

214 2546 282 2568 esse
306 2538 445 2577 regionis
475 2538 575 2569 totius
605 2547 703 2578 neque
734 2538 838 2579 oppidi
862 2537 1033 2569 Tithoreae
1064 2538 1202 2579 incolas,
1231 2540 1261 2570 id
1294 2539 1373 2580 quod
1397 2549 1435 2571 ne
1458 2539 1627 2572 Pausanias

214 2589 336 2628 quidem
360 2589 549 2620 credidisset
573 2589 635 2620 nisi
660 2589 862 2620 coniecturae
886 2599 961 2620 suae
984 2599 1099 2620 amore.
