1811 2933
783 122 1050 161 -23-

205 231 381 284 Μήδου
414 229 481 269 καὶ
514 227 664 268 Βάκιδι
699 228 743 269 ἐν
774 243 871 281 χρη·
933 229 1000 268 καὶ
1038 226 1154 268 αὐτοὶ
1201 227 1420 281 ἀνέβησαν·
1479 228 1518 268 οἳ
1561 228 1607 268 δὲ

202 298 331 344 σμοῖς.
383 290 509 335 Βάκις
549 292 622 340 μέν
662 304 706 337 γε
739 292 872 328 Τιθο-
933 290 1100 334 πλεῦνες
1133 288 1265 328 αὐτῶν
1299 290 1339 334 ἐς
1373 290 1465 334 τοὺς
1493 286 1605 334 Ὀζό-

202 355 293 404 ρέας
337 351 430 395 τοὺς
481 347 633 388 ἐνθάδε
683 348 871 388 ἐκάλεσεν
932 349 1005 395 λας
1023 349 1208 400 Λοκροὺς
1234 347 1536 400 ἐξεκομίσαντο,
1564 349 1606 394 ἐς

200 409 460 462 ἀνθρώπους.
514 408 733 460 Ἡροδότου
767 409 812 447 δὲ
849 408 870 448 ὃ
920 408 1160 460 ’Ἄμφισσαν
1207 410 1332 449 πόλιν
1376 411 1448 461 τὴν
1501 406 1603 460 ὑπὲρ

199 469 238 517 ἐς
255 470 400 515 αὐτοὺς
418 468 537 517 λόγος
556 469 746 514 ἐπιόντος
767 471 869 521 φησὶ
930 472 1001 509 τοῦ
1043 473 1240 521 Κρισαίου
1287 470 1433 508 πεδίου
1475 471 1604 508 οἴκεο-

199 532 269 571 τοῦ
311 529 520 582 βαρβάρου
561 529 653 575 τοὺς
688 530 870 569 ἐνταῦθα
917 533 1051 582 μέν-ην.

199 591 409 635 οἰκοῦντας
454 588 681 641 ἀναφυγεῖν
718 590 758 635 ἐς
799 592 871 642 τὴν

198 650 391 702 κορυφήν,
445 649 576 700 ὄνομα
630 650 676 689 δὲ
726 653 870 691 Νέωνα

198 711 271 762 μὲν
310 712 357 765 τῇ
391 710 526 756 πόλει,
575 709 800 762 Τιθορέαν’
824 712 870 750 δὲ

199 773 304 810 εἶναι
331 772 404 809 τοῦ
433 771 653 820 Παρνασοῦ
679 772 727 826 τῇ
754 771 868 824 ἄκρᾳ.

199 832 328 871 ἔοικεν
356 829 427 871 οὖν
454 831 533 871 ἀνὰ
553 831 700 882 χρόνον
727 835 870 885 πρῶτα

197 893 269 944 μὲν
296 893 344 947 τῇ
372 891 511 944 ἁπάσῃ
540 892 664 944 χώρᾳ,
693 895 796 944 μετὰ
822 894 868 933 δὲ

197 954 337 999 ταῦτα,
384 953 527 1004 ἐπειδὴ
575 951 868 1005 ἀνῳκίσθησαν

198 1013 280 1052 ἀπὸ
324 1014 404 1051 τῶν
448 1015 611 1063 κωμῶν,
659 1011 865 1065 ἐκνικῆσαι

197 1074 264 1111 καὶ
306 1072 378 1112 ἐπὶ
419 1074 467 1128 τῇ
506 1073 625 1112 πόλει
660 1076 867 1125 Τιθορέαν

195 1133 297 1184 μηδὲ
324 1133 384 1172 ἔτι
401 1136 544 1172 Νέωνα
572 1133 865 1184 ὀνομάζεσθαι.

298 1194 508 1231 Tithoream
546 1195 598 1231 vel
629 1195 888 1241 Tithoramffl),
917 1195 1045 1232 urbem
1081 1207 1195 1243 prope
1224 1196 1441 1232 Parnassum
1481 1196 1599 1238 sitam,

195 1266 487 1293 commemorans
508 1255 700 1293 Pausanias
728 1256 773 1293 de
800 1267 840 1293 ea
869 1256 1013 1293 differre
1041 1255 1293 1293 animadvertit
1311 1255 1534 1293 Herodotum
1565 1261 1600 1293 et

194 1316 331 1353 Bacidis
359 1317 449 1353 vatis
485 1317 640 1354 oracula.
703 1317 795 1354 Cum
832 1317 929 1353 enim
967 1317 1026 1353 hic
1055 1318 1198 1353 oraculo
1227 1316 1412 1354 Thebanis
1441 1317 1526 1353 dato
1556 1317 1600 1353 de

195 1382 288 1413 terra
328 1376 502 1425 Antiopae
549 1376 657 1414 busto
693 1377 795 1414 allata
834 1377 1027 1414 cecinisset
1063 1373 1162 1413 *ἀλλ’
1201 1374 1357 1413 ὁπόταν
1400 1375 1602 1425 Τιθορεὺς

195 1435 366 1485 mmm),
407 1438 455 1474 ita
501 1443 540 1474 nt
574 1442 685 1474 totam
726 1438 912 1484 regionem
951 1437 1144 1474 Tithoreae
1180 1438 1329 1475 nomine
1362 1444 1601 1485 nuncuparet,

195 1497 288 1545 apud
317 1497 420 1534 illum
448 1498 587 1534 nullum
609 1498 756 1545 quidem
778 1503 833 1534 est
851 1497 1025 1546 oppidum
1047 1497 1226 1539 Tithorea,
1246 1508 1329 1534 vero
1349 1497 1463 1546 ipsius
1483 1503 1603 1534 vertex

196 1557 329 1594 montis
359 1559 404 1594 ita
432 1559 643 1606 appellatur.
700 1559 776 1603 Qua
805 1559 850 1595 de
879 1569 982 1595 causa
1005 1558 1201 1595 Pausanias
1232 1558 1279 1595 ita
1308 1563 1405 1595 recte
1432 1570 1509 1595 rem
1540 1571 1600 1596 ex-

194 1617 371 1664 pedivisse
406 1618 475 1654 sibi
504 1619 665 1654 videtur:
709 1619 866 1666 primum
897 1618 1034 1654 montis
1064 1629 1238 1654 cacumen
1266 1629 1402 1654 nomen
1430 1618 1602 1654 habuisse

196 1677 418 1721 Tithoream,
449 1679 546 1726 quod
576 1683 654 1714 tum
681 1678 821 1714 Bacidis
849 1682 1015 1725 tempore
1042 1678 1110 1713 toti
1138 1677 1278 1724 regioni
1306 1677 1461 1713 inditum
1492 1684 1603 1722 esset3

194 1742 319 1784 postea
349 1742 484 1782 autem,
513 1750 595 1775 cum
626 1739 728 1775 Neon
749 1737 921 1786 oppidum
950 1737 1174 1781 reficeretur,
1194 1738 1285 1774 hanc
1304 1737 1512 1774 Tithoream
1535 1750 1604 1775 no-

195 1797 364 1835 minatam
400 1798 550 1846 esse33).
603 1799 676 1835 Iam
711 1798 957 1846 quaerendum
994 1797 1152 1841 videtur,
1188 1809 1277 1834 num
1315 1809 1383 1834 suo
1412 1798 1489 1835 iure
1518 1798 1604 1835 haec

195 1853 318 1895 omnia
353 1858 421 1895 sibi
454 1859 599 1896 finxerit
628 1858 841 1902 Pausanias,
877 1870 917 1895 ac
951 1858 1110 1906 primum
1149 1858 1295 1906 quidem
1335 1869 1422 1895 num
1452 1871 1492 1896 re
1520 1871 1601 1896 vera

195 1918 365 1956 Tithorea
396 1925 430 1956 et
460 1920 563 1956 Neon
594 1920 691 1957 idem
721 1920 895 1969 oppidum
927 1920 1012 1964 sint,
1041 1920 1175 1957 deinde
1202 1932 1289 1957 num
1320 1925 1419 1957 recte
1439 1920 1603 1957 Herodo-

194 1984 272 2016 tum
302 1980 521 2017 intellexerit
549 1981 741 2029 periegeta.
796 1981 890 2025 Quid
921 1985 1043 2017 autem
1064 1980 1320 2023 iudicabimus,
1342 1981 1370 2016 si
1391 1980 1496 2017 testis
1516 1991 1602 2017 sane

194 2040 357 2077 omnium
387 2041 624 2083 certissimus,
652 2046 778 2089 utpote
799 2041 860 2089 qui
881 2041 959 2089 ipse
981 2041 1075 2078 haud
1096 2041 1221 2089 procul
1242 2053 1259 2077 a
1280 2041 1454 2077 Parnasso
1477 2045 1601 2077 monte

276 2144 313 2182 81)
338 2144 419 2174 idem
443 2149 492 2175 est
515 2154 623 2174 nomen
644 2145 791 2186 Τιθορέα
815 2148 848 2174 et
866 2141 1000 2183 Τιθόρα
1016 2139 1207 2186 (Τιθόῤῥα),
1231 2143 1269 2174 cf.
1294 2141 1428 2183 στερεός
1450 2161 1488 2167 --
1513 2143 1604 2186 augi-

194 2190 260 2234 ῥός.
306 2193 468 2224 Tithoram
493 2195 599 2223 urbem
623 2194 782 2233 appellant
798 2193 984 2224 Plutarchus
1010 2202 1065 2223 nec
1090 2203 1149 2223 non
1169 2194 1401 2233 inscriptiones,
1433 2193 1604 2223 Pausanias

195 2248 297 2274 autem
322 2245 360 2275 de
385 2244 519 2275 nominis
543 2243 649 2274 forma·
665 2253 732 2274 cum
749 2243 907 2274 Herodoto
927 2243 1094 2274 consentit.
1139 2243 1313 2283 Stephanus
1332 2243 1500 2284 Byzantius
1517 2243 1548 2273 in
1566 2253 1602 2273 eo

194 2294 272 2331 quod
297 2299 369 2325 ante
393 2295 502 2324 oculos
525 2294 635 2324 habuit
656 2294 857 2333 periegesoos
881 2294 1020 2333 exemplo
1044 2293 1123 2332 legit
1149 2295 1326 2335 Τιθοραιά.

277 2344 317 2384 ³²)
340 2344 426 2374 Hanc
447 2344 647 2375 historiolam
670 2343 731 2374 iam
754 2347 844 2374 antea
869 2347 1058 2374 narraverat
1080 2343 1250 2373 Pausanias
1273 2342 1328 2372 IX.
1358 2343 1404 2380 17,
1418 2343 1505 2382 4sq.;
1528 2352 1603 2373 con-

193 2395 300 2424 suevit
322 2395 417 2433 enim,
440 2395 468 2425 si
492 2404 527 2425 ea
545 2404 621 2434 quae
638 2397 842 2433 excerpserat
857 2393 917 2423 sibi
933 2394 1106 2433 placebant,
1124 2393 1335 2432 compluribus
1352 2393 1432 2423 locis
1449 2393 1602 2431 inserere,

192 2447 227 2473 ut
246 2444 334 2474 modo
357 2445 493 2475 vidimus
516 2446 553 2474 de
577 2445 656 2475 solis
679 2444 788 2474 tabula
812 2448 843 2473 et
867 2444 903 2473 de
925 2442 1105 2473 crocodilis.

276 2494 315 2533 83)
338 2494 480 2524 Dii-utum
518 2495 599 2524 enim
629 2503 699 2524 esse
728 2493 871 2533 oppidum
900 2493 984 2523 bello
1016 2502 1108 2522 sacro
1137 2502 1155 2522 a
1186 2492 1328 2532 Philippo
1352 2492 1506 2532 Amyntae
1536 2492 1601 2523 filio

192 2540 364 2574 Pausanias
393 2545 551 2583 cognitum
580 2545 689 2575 hahuit
719 2553 757 2574 ex
788 2548 918 2574 auctore
947 2543 1022 2581 illo,
1052 2542 1142 2573 cuius
1172 2543 1254 2572 libro
1277 2543 1432 2573 historico
1456 2553 1531 2573 usus
1554 2548 1604 2573 est

193 2600 211 2621 a
235 2602 299 2633 cap.
324 2593 429 2625 I-—IlL
