1811 2933
913 122 1075 160 22—

200 229 361 282 ὑπέρ”γε
411 228 710 279 ἑξακισχιλίους
750 228 878 280 ἀριθ-

201 295 299 343 μοίη
328 303 409 335 τις·
448 287 553 328 οὕτω
582 289 741 337 γένοιτο
770 290 821 329 ἂν
855 289 876 329 ὁ

202 351 369 402 σύμπας
391 350 559 399 στρατὸς
579 348 788 388 διακόσιοι
811 351 877 388 καὶ

201 412 331 461 χίλιοι
360 408 429 449 καὶ
455 408 607 461 μύριοι.

307 473 522 509 Pausaniam
553 472 621 508 hoc
648 472 726 508 loco
756 473 845 509 nihil
866 474 936 511 nisi
959 475 1134 511 Herodoti
1154 473 1265 510 verba
1286 473 1466 522 respicere
1495 474 1614 510 mani-

203 535 335 570 festum
367 538 439 578 est;
483 532 625 569 etiamsi
654 532 752 569 enim
784 545 858 571 non
888 535 1050 579 diceret,
1086 546 1143 572 res
1173 535 1249 583 ipsa
1279 534 1470 578 clamaret,
1506 545 1612 582 prae-

203 594 330 631 sertim
359 605 442 630 cum
472 593 723 630 conferremus
751 594 910 632 indicem
941 596 1209 633 Pausanianum
1239 607 1323 631 cum
1354 594 1509 631 Diodoro
1538 594 1613 639 (lib.

203 655 264 693 XI.
285 655 337 696 4).
395 653 462 691 Sed
492 654 570 702 ipse
599 654 829 701 apertissime
848 655 1077 693 Herodotum
1108 667 1145 692 se
1173 655 1275 704 sequi
1298 656 1489 703 profitetur
1517 655 1614 692 eius-

204 727 275 764 que
311 714 414 752 verba
457 714 686 751 coniiciendo
727 716 896 763 supplere
940 722 1104 753 conatur.
1161 717 1239 760 Qua
1283 717 1328 752 de
1367 728 1406 752 re
1441 716 1614 764 quoniam

204 775 360 812 dubitari
403 774 548 822 nequit,
590 775 745 821 perutile
787 775 946 821 videtur,
989 777 1174 824 quomodo
1214 776 1399 812 Herodoto
1441 787 1529 813 usus
1570 776 1617 812 sit

203 836 387 884 periegeta
422 835 722 872 animadvertere.
781 835 872 872 Nam
911 837 1064 873 minime
1102 837 1259 873 auctoris
1298 836 1355 873 sui
1384 836 1541 873 indicem
1572 836 1614 873 ad

207 896 358 933 verbum
402 896 616 943 exscripsit,
656 897 719 932 sed
763 897 807 933 de
852 898 1031 934 industria
1071 897 1237 934 ordinem
1274 897 1419 945 quidem
1462 897 1617 933 servavit

205 956 509 999 enumerationis,
539 956 646 993 verba
677 962 797 994 autem
828 959 904 1006 ipsa
924 970 1040 1006 paene
1060 957 1180 994 omnia
1211 958 1378 994 mutavit:
1409 968 1483 994 non
1508 958 1613 994 modo

207 1029 271 1065 pro
303 1017 421 1053 Persis
449 1016 592 1059 Medos,
628 1028 693 1064 pro
724 1018 910 1065 Spartanis
940 1017 1244 1054 Lacedaemonios
1274 1017 1371 1059 dicit,
1410 1017 1470 1053 sed
1508 1018 1615 1054 etiam

206 1077 303 1125 quod
339 1077 435 1124 apud
464 1077 689 1113 Herodotum
727 1078 973 1126 supplendum
1011 1082 1152 1113 tantum
1189 1082 1244 1113 est
1279 1077 1323 1112 ad
1352 1077 1507 1113 Boeotos
1538 1088 1614 1113 ver-

206 1138 292 1174 bum
332 1136 534 1185 παρῆσαν,
576 1137 654 1184 ipse
696 1138 805 1174 verbo
848 1138 1119 1186 παρεγένοντο
1154 1137 1298 1173 Boeotis
1334 1137 1421 1184 quin
1459 1142 1617 1184 apponat

205 1198 324 1233 facere
353 1208 428 1233 non
458 1202 594 1244 potest.
652 1197 731 1233 Huc
759 1198 898 1233 accedit
927 1198 1037 1244 quod,
1067 1208 1155 1244 quas
1185 1196 1391 1232 Herodotus
1421 1197 1616 1233 lectoribus

206 1256 471 1306 computandas
500 1256 647 1304 reliquit
675 1256 914 1305 Tegeatarum
943 1257 1301 1305 Mantinensiumque
1330 1257 1463 1305 copias,
1491 1268 1615 1294 earum

206 1318 385 1366 periegeta
426 1318 621 1366 utriusque
665 1325 858 1356 enumerat
901 1319 1052 1356 civitatis
1095 1319 1226 1355 milites
1269 1319 1482 1366 separatim,
1526 1330 1616 1367 quas

206 1384 329 1414 autem
373 1379 429 1414 ille
471 1378 629 1425 singulas
672 1380 843 1415 attulerat
885 1378 1156 1416 Corinthiorum
1201 1378 1533 1427 Phliasiorumque,
1580 1380 1617 1415 in

206 1438 440 1488 problematis
484 1439 633 1476 modum
672 1440 821 1488 redegit.
887 1439 980 1484 Quid
1021 1437 1151 1488 plura?
1208 1439 1381 1476 Consulto
1416 1440 1617 1476 orationem

206 1500 450 1536 Herodoteam
482 1500 651 1536 variatam
682 1512 763 1537 esse
792 1501 835 1536 ab
866 1500 1042 1536 Pausania
1073 1504 1234 1547 apparet.
1284 1500 1353 1535 Sed
1386 1500 1443 1536 hic
1471 1512 1618 1548 quoque

207 1560 414 1597 Herodotus
443 1566 594 1609 propter
632 1561 942 1609 comparationem
978 1566 1121 1598 tantum
1152 1560 1362 1604 adhibetur,
1401 1565 1440 1597 ut
1476 1562 1618 1609 saepius

205 1623 243 1657 in
272 1621 505 1668 periegcseos
535 1622 635 1658 libris
665 1624 800 1658 factum
832 1633 913 1658 esse
931 1622 1000 1657 iam
1022 1622 1371 1657 demonstravimus:
1403 1632 1618 1669 comparan-

206 1687 265 1717 tur
304 1682 399 1717 enim
438 1681 561 1728 copiae
597 1680 780 1718 Leonidae
815 1693 898 1718 cum
940 1682 983 1717 iis
1027 1692 1120 1729 quae
1156 1685 1280 1728 postea
1318 1681 1523 1717 Galatarum
1562 1681 1618 1719 in-

207 1741 347 1778 vasioni
376 1738 661 1787 restiterunt80).

259 1802 295 1837 2.
338 1801 443 1837 Paus.
465 1801 506 1837 X.
537 1801 598 1843 32,
620 1802 654 1839 8.
697 1803 881 1851 Τιθορέα
997 1802 1077 1839 Her.
1099 1802 1187 1838 Vlll.
1212 1801 1273 1838 32.
1313 1799 1365 1845 ὠς
1399 1800 1444 1838 δὲ
1479 1800 1521 1839 ἐκ
1551 1802 1619 1852 τῆς

205 1860 250 1898 δὲ
293 1858 489 1910 ἀπωτέρω
521 1860 694 1910 Δελφῶν
736 1859 881 1911 ὀγδοή-

205 1934 343 1965 κοντα,
388 1919 440 1965 ὥς
473 1919 652 1966 εἰκάσαι,
698 1921 882 1966 σταδίοις

205 1981 317 2019 ἐστὶν
349 1980 452 2019 ἰόντι
480 1981 552 2032 την
581 1981 652 2019 διὰ
680 1982 751 2020 τοῦ
768 1986 882 2032 Παρ-

207 2043 354 2080 νασοῦ·
389 2042 461 2092 τὴν
481 2041 527 2079 δὲ
546 2040 593 2080 οὗ
616 2040 751 2080 πάντα
774 2040 883 2090 ὄρει-

204 2102 294 2154 ’νήν,
326 2100 429 2139 ἀλλὰ
464 2101 531 2138 καὶ
561 2099 763 2152 ὀχήμασιν
790 2102 882 2139 ἐπι-

205 2163 364 2213 τήδειον
406 2162 589 2201 πλεόνων
632 2162 690 2200 ἔτι
727 2162 883 2210 ἐλέγετο

205 2225 312 2261 εἶναι
343 2222 530 2260 σταδίων,
564 2221 807 2273 Διάφορα
835 2222 884 2266 ἐς

204 2284 255 2322 τὸ
299 2282 454 2333 ὄνομα
497 2282 615 2321 οἴδα
656 2284 743 2334 τῆς
790 2283 884 2321 πό-

205 2344 324 2389 λεως
362 2340 607 2395 “Ηροδο’τῳ
654 2358 703 2381 τε
746 2344 883 2394 εἴρη-

205 2407 325 2454 μένα
354 2404 405 2442 ἐν
434 2404 767 2454 ἐπιστρατείᾳ
799 2405 883 2442 τοῦ

945 1860 1133 1910 Δωρίδος
1160 1860 1200 1905 ἐς
1227 1860 1298 1911 τὴν
1328 1860 1498 1899 Φωκίδα
1531 1861 1619 1899 ἐσέ-

941 1921 1083 1971 βαλον,
1123 1919 1268 1966 αὐτοὺς
1301 1921 1377 1971 μὲν
1405 1922 1496 1967 τοὺς
1526 1924 1620 1960 Φω-

944 1981 1036 2026 κέας
1082 1979 1155 2029 οὐχ
1200 1980 1398 2030 αἱρέουσι.
1461 1981 1500 2020 ot
1546 1982 1620 2032 μὲν

944 2041 1018 2091 γὰρ
1047 2043 1126 2080 τῶν
1155 2042 1331 2079 Φωκέων
1365 2041 1405 2086 ἐς
1440 2042 1491 2080 τὰ
1518 2041 1621 2092 ἄκρα

945 2102 1016 2139 τοῦ
1041 2102 1257 2152 Παρνησοῦ
1285 2100 1503 2153 ἀνέβησαν·
1535 2102 1619 2141 ἔστι

946 2161 991 2199 δὲ
1037 2161 1230 2212 ἐπιτηδέη
1278 2162 1482 2205 δέξασθαι
1530 2160 1620 2211 ὅμι-

945 2221 1015 2259 λον
1043 2223 1114 2259 τοῦ
1145 2224 1362 2273 Παρνησοῦ
1398 2222 1420 2274 ἡ
1449 2221 1618 2273 κορυφή,

946 2282 1048 2320 κατὰ
1092 2285 1235 2320 Νέωνα
1281 2282 1405 2321 πόλιν
1457 2285 1619 2333 κειμένη

945 2342 1016 2380 ἐπ’
1046 2342 1212 2394 ἑωυτῆς·
1254 2345 1439 2394 Τιθορέα
1467 2342 1621 2393 οὔνομα

946 2401 1064 2457 αὐτῇ·
1094 2404 1134 2449 ἐς
1162 2403 1234 2454 την
1262 2403 1311 2453 δὴ
1340 2402 1619 2454 ἀνηνείκαντο,

288 2542 327 2577 ³⁰)
351 2540 529 2580 Compluria
562 2541 655 2571 etiam
687 2541 714 2570 in
744 2541 843 2580 ipsius
874 2540 1051 2571 invasionis
1081 2540 1267 2571 narratione
1292 2540 1481 2570 Herodotum
1505 2538 1617 2570 Persa-

205 2600 333 2631 rumque
358 2591 474 2621 bellum
499 2591 619 2621 imitari
643 2591 724 2622 infra
748 2591 1025 2622 demonstrabitur.
1048 2590 1085 2621 ef.
1111 2601 1176 2631 cap.
1200 2590 1250 2621 lll.
