1811 2933
758 128 1026 166 -15-

191 239 282 278 ratio
322 247 472 285 prorsus
514 236 585 273 fide
625 236 729 283 digna
772 241 880 285 atque
917 235 1112 285 probabilis
1154 240 1229 279 est3
1270 235 1327 272 sin
1356 240 1477 272 autem
1508 235 1590 284 quis

191 303 332 349 praeter
373 297 576 334 Cleomenis
617 297 916 345 superstitionem
958 297 1149 334 excitatam
1190 296 1295 333 aliam
1337 307 1484 345 quoque
1526 306 1591 332 cur

192 361 342 396 domum
383 357 572 393 reverterit
594 369 759 394 causam
801 357 1002 400 desideret,
1041 357 1070 393 is
1099 356 1317 393 discordiam
1345 357 1466 405 potius
1496 356 1592 391 inter

191 429 313 466 regem
334 416 485 465 eiusque
503 417 676 465 collegam
705 417 997 454 inimicissimum
1025 416 1255 453 Demaratum
1285 421 1444 453 exortam
1475 420 1592 453 castra

191 476 557 516 Lacedaemoniorum
586 477 782 515 removisse
809 477 973 527 censebit
996 488 1104 526 quam
1124 477 1276 524 legionis
1304 477 1398 514 illius
1418 476 1593 514 femineae

192 543 341 577 metum.
384 537 486 582 Quae
512 537 631 575 fabula
658 538 798 575 videtur
824 538 936 575 fuisse
963 543 1047 587 post
1067 538 1239 575 Herodoti
1259 538 1407 575 demum
1435 542 1591 575 aetatem

190 601 355 642 inventa,
389 598 433 635 ad
468 598 710 648 explicandam
741 599 877 637 oraculi
903 598 1121 637 sententiam
1150 599 1221 635 iam
1251 598 1456 641 obscuram,
1485 604 1521 635 et
1549 598 1592 635 ad

188 659 504 707 interpretandum
542 659 776 697 simulacrum
810 660 898 697 illud
935 671 954 697 a
981 659 1159 697 Pausania
1197 657 1592 706 commemoratum23).

192 720 421 768 Scripserunt
454 723 576 756 autem
609 724 752 768 praeter
779 719 995 757 Pausaniam
1030 720 1075 757 de
1110 720 1247 768 poetria
1281 719 1496 757 Plutarchus
1532 719 1593 765 (de

192 780 291 818 mull.
333 780 415 817 virt.
447 779 503 817 IV.
532 792 567 829 p.
586 779 663 816 247
692 780 736 828 Α)
771 779 971 828 Polyaenus
1008 780 1170 828 (strateg.
1197 780 1286 816 VIII.
1316 779 1381 827 33)
1424 780 1593 817 Clemens

191 840 454 878 Alexandrinus
497 842 639 884 (strom.
665 841 720 877 IV.
753 840 812 885 19,
842 840 932 888 122)
974 840 1152 878 Lucianus
1193 840 1322 888 (amor.
1356 840 1420 885 30)
1463 840 1594 877 Suidas

193 903 237 947 (s.
257 912 287 937 v.
321 897 555 947 Τελέσιλλα)
577 900 763 949 Syncellus
783 900 833 948 (p.
854 900 929 937 247
949 901 1093 945 Bona).
1136 900 1338 949 Polyaenus
1358 899 1594 937 Plutarchum

192 959 399 1008 exscripsit,
427 960 643 997 Pausaniam
673 960 820 1005 Suidas,
855 960 1070 998 Plutarchus
1099 960 1286 998 Socratem
1313 960 1508 1009 Argivum,
1552 959 1595 997 ab

191 1019 338 1069 reliquis
365 1020 483 1058 tribus
511 1032 587 1058 non
616 1021 687 1058 nisi
715 1021 924 1059 brevissima
952 1021 1102 1069 Argivae
1128 1021 1169 1059 fit
1197 1022 1345 1059 mentio.
1397 1021 1595 1058 Pausanias

193 1086 314 1118 autem
355 1092 420 1125 sua
462 1093 536 1118 non
579 1094 622 1119 ex
650 1082 844 1120 Plutarcho
881 1082 1023 1124 hausit,
1052 1082 1115 1118 sed
1144 1082 1335 1119 manifesto
1364 1082 1491 1119 eodem
1521 1092 1594 1129 quo

192 1141 250 1178 hic
276 1140 378 1178 fonte
406 1152 496 1178 usus
525 1147 580 1179 est
609 1142 755 1179 Socrate
784 1142 927 1190 Argivo.
984 1141 1036 1178 Ex
1077 1152 1149 1189 quo
1192 1142 1313 1179 omnia
1341 1141 1472 1185 habet,
1503 1152 1596 1189 quae

193 1201 237 1238 de
264 1201 426 1238 Telesilla
467 1202 571 1245 dicit,
616 1202 816 1240 narrationi
857 1207 981 1239 autem
1022 1213 1066 1239 ex
1108 1214 1151 1238 eo
1179 1207 1368 1250 excerptae
1396 1201 1493 1239 addit
1524 1202 1596 1238 duo

192 1260 367 1298 Herodoti
394 1261 560 1305 frustula,
589 1262 743 1299 alterum
773 1262 817 1300 de
845 1262 1004 1304 oraculo,
1032 1261 1189 1299 alterum
1217 1262 1316 1299 hisce
1345 1261 1483 1299 verbis:

248 1322 355 1360 Paus.
397 1323 439 1360 II.
492 1323 554 1367 20,
575 1322 609 1360 8.
677 1322 745 1360 καὶ
789 1323 869 1361 τῶν
895 1322 899 1387 Ι
978 1324 1065 1360 Her.
1080 1323 1134 1360 VI.
1165 1323 1227 1361 78.
1269 1322 1352 1360 καὶ
1380 1320 1600 1365 πολλούς

192 1381 267 1431 μὲν
299 1381 343 1420 ἐν
381 1379 480 1435 αὐτῇ
515 1396 683 1421 πεπτω
713 1382 868 1421 κόπων
914 1382 1001 1434 μὲν
1081 1379 1359 1433 ἐφόνευσαν
1440 1377 1602 1420 αὐτῶν

193 1442 250 1493 τῇ
290 1440 441 1493 μάχῃ,
484 1439 593 1482 ὅσοι
636 1442 688 1481 δὲ
729 1442 775 1488 ἐς
814 1442 865 1482 τὸ
928 1442 1096 1493 πολλῷ
1124 1442 1176 1481 δὲ
1205 1442 1277 1481 ἔτι
1310 1443 1530 1487 πλεῦνας
1557 1440 1603 1486 ἔς

194 1500 344 1546 ἄλσος
393 1503 477 1540 τοῦ
509 1502 686 1554 ’Ἀργου
729 1505 868 1541 κατέ-
927 1503 981 1542 τὸ
1011 1502 1167 1547 ἄλσος
1201 1505 1286 1541 τοῦ
1314 1501 1490 1554 Ἄργου
1518 1516 1603 1540 κα-

195 1574 378 1612 φευγον
429 1561 745 1614 διαφθαρέντων
798 1563 867 1602 καὶ
927 1562 1241 1614 ταφυγόντας
1308 1560 1604 1613 περιιζόμε-

195 1620 349 1661 τούτων
376 1623 428 1660 τὰ
463 1623 538 1673 μὲν
565 1624 707 1673 πρῶτα
734 1623 868 1668 ἐξιόν·
928 1636 1010 1662 νοι
1039 1622 1339 1674 ἐφύλασσον.
1385 1625 1426 1661 In
1443 1634 1604 1672 sequen-

199 1695 279 1719 των
299 1682 402 1720 κατὰ
417 1680 650 1732 ὁμολογίαν,
672 1682 724 1728 ὦς
739 1683 785 1722 δὲ
804 1683 868 1731 ἕγ-
929 1684 1026 1721 tibus
1073 1696 1166 1733 quae
1220 1685 1423 1722 Pausanius
1478 1684 1602 1732 paucis

199 1751 336 1780 νωσαν
364 1740 641 1793 ἀπατώμενοι,
672 1755 870 1791 συγκατα·
929 1749 1071 1781 tantum
1108 1745 1228 1782 verbis
1269 1745 1417 1789 indicat,
1459 1744 1605 1793 copiose

199 1799 434 1841 καυθέντων
460 1804 516 1854 τῷ
545 1802 661 1842 ἄλσει
680 1805 760 1843 τῶν
778 1804 868 1843 λοι-
931 1810 1160 1842 enarrantur.

198 1861 298 1900 πῶν.
342 1863 386 1900 cf.
409 1863 466 1900 111.
508 1866 544 1909 4,
566 1866 600 1901 1.

281 1944 320 1982 ²⁸)
343 1943 434 1975 Paus.
457 1944 493 1976 11.
511 1945 561 1984 20,
577 1945 605 1976 8.
651 1945 739 1986 Quod
762 1946 963 1977 simulacrum
986 1950 1073 1977 recte
1090 1945 1266 1977 odofredus
1282 1946 1456 1978 Muellerus
1479 1945 1606 1984 (Dor-ier

198 1992 233 2024 11.
257 2004 284 2034 p.
301 1994 361 2026 366
385 1999 450 2026 not.
467 1996 497 2033 7)
520 2005 596 2036 opus
620 1997 773 2027 caelatum
796 1995 894 2028 fuisse
910 1996 1125 2035 existimavit3
1148 2006 1270 2037 semper
1286 1996 1365 2027 enim
1382 1995 1481 2027 verbo
1496 1994 1606 2038 ἐπείρ-

196 2052 322 2084 γασται
349 2045 408 2076 hoe
435 2045 592 2084 significat
613 2045 799 2085 Pausanias,
827 2045 865 2078 cf.
889 2046 1094 2077 Schubartum
1117 2047 1150 2077 in
1172 2046 1336 2086 Philologo
1360 2045 1477 2077 XXIV.
1500 2056 1529 2086 p.
1545 2045 1603 2077 581

198 2094 311 2125 -587,
362 2094 437 2126 Fuit
466 2097 574 2127 tabula
602 2097 713 2128 votiva
736 2097 854 2129 Veneri
882 2106 988 2136 sacra,
1026 2106 1085 2137 qua
1114 2106 1174 2127 uon
1197 2097 1395 2135 Telesillam,
1428 2097 1479 2126 sed
1509 2096 1607 2136 ipsam

198 2142 351 2174 Venerem
379 2150 647 2185 repraesentatam
676 2145 775 2177 fuisse
797 2147 937 2186 equidem
960 2156 1028 2177 cum
1052 2145 1208 2182 odofredo
1232 2145 1387 2176 Muellero
1411 2146 1606 2186 putaverim3

199 2201 294 2233 neque
324 2194 406 2225 enim
429 2194 534 2234 quinto
557 2195 684 2227 saeculo
706 2195 862 2226 hominum
886 2196 1036 2235 imagines
1061 2197 1090 2226 iu
1113 2196 1234 2227 tabulis
1256 2197 1377 2228 votivis
1400 2196 1502 2236 sculpi
1525 2196 1607 2226 sole-

198 2241 288 2282 bant,
321 2253 377 2274 nee
406 2244 483 2275 libri
511 2254 529 2275 a
551 2244 705 2276 Pausania
735 2246 965 2277 commemorati
991 2246 1089 2284 magis
1112 2246 1149 2276 ad
1173 2246 1325 2287 poeti-iam
1347 2255 1436 2285 quam
1458 2246 1495 2275 ad
1518 2246 1607 2276 deam

199 2293 366 2331 quadrant,
405 2304 473 2325 cum
501 2295 548 2325 illi
575 2295 648 2336 lyra
676 2294 790 2326 fuisset
819 2296 933 2334 danda,
963 2306 1022 2327 non
1045 2296 1138 2335 libri3
1174 2296 1314 2336 equidem
1344 2296 1416 2336 quid
1445 2296 1522 2326 libri
1545 2296 1607 2326 sibi

202 2342 303 2373 velint
326 2353 387 2374 non
411 2344 568 2384 intelligo.
600 2344 684 2385 Quae
706 2350 869 2386 praeterea
886 2350 1146 2377 commemoratur
1162 2345 1335 2377 Telesillae
1351 2346 1453 2384 imago
1470 2345 1606 2384 (Tatian.

200 2401 227 2421 c.
251 2392 362 2425 Graec.
387 2394 450 2434 34),
475 2400 598 2426 statuae
621 2395 658 2426 ab
680 2395 832 2426 Nicerato
855 2395 1057 2427 Euctemonis
1080 2396 1144 2427 filio
1163 2396 1345 2428 Atheniensi
1368 2394 1520 2435 confecta,
1543 2395 1608 2426 for-

202 2441 284 2471 sitan
307 2448 379 2483 post
401 2444 542 2476 Nicerati
566 2446 685 2477 demum
707 2450 841 2477 aetatem
864 2446 963 2483 (vixit
986 2447 1071 2477 circa
1095 2446 1144 2477 01.
1162 2447 1213 2485 90,
1236 2446 1276 2477 cf.
1301 2446 1382 2477 Plia.
1400 2445 1550 2477 XXXIV.
1568 2446 1608 2476 88

200 2490 297 2522 Detl.:
328 2504 386 2525 nec
414 2495 515 2526 minus
537 2494 704 2527 Niceratus
735 2496 837 2527 omnia
860 2506 937 2537 quae
961 2496 1061 2528 ceteri
1084 2498 1251 2536 adgressus
1274 2496 1529 2537 repraesentavit
1553 2496 1610 2526 Al-

201 2541 341 2574 cibiaden
372 2544 605 2585 lampadumque
634 2555 766 2577 accensu
795 2550 925 2577 matrem
958 2547 1026 2577 eius
1050 2546 1232 2577 Damareten
1265 2546 1504 2584 sacrificantem)
1528 2547 1609 2576 mala

201 2590 464 2633 interpretatione
487 2594 657 2627 Telesillae
681 2606 790 2627 nomen
815 2596 945 2628 inditum
969 2597 1023 2628 sit.
