1811 2933
152 1088 172 1118 4

774 120 1041 158 ...12-

308 229 491 276 Periegeta
517 228 577 265 nbi
598 229 804 276 Iphigeniae
830 229 982 265 heroum
1003 229 1042 264 in
1062 227 1328 275 Megarensium
1348 227 1482 264 tinibus
1502 238 1603 264 com-

201 290 429 332 memoravit,
458 290 682 326 contendere
712 301 774 327 eos
804 294 985 326 mortuam
1014 300 1094 326 esse
1122 289 1160 325 in
1189 287 1278 325 urbe
1297 299 1361 325 sua
1381 287 1602 336 Iphigeniam

200 356 334 394 narrat,
365 350 502 397 Argivis
530 354 650 387 autem
677 362 716 386 se
742 350 849 387 aliam
870 350 1091 399 comperisse
1115 348 1256 386 fabulae
1276 360 1355 386 esse
1375 348 1606 399 formam1⁸);

200 416 236 448 at
270 423 312 447 ex
341 410 498 448 Hesiodo
532 410 681 458 intelligi
712 411 843 448 Hecata
879 422 955 448 eam
994 410 1144 447 nomine
1177 409 1485 447 immortalitatem
1524 422 1605 448 esse

201 477 364 515 nactam;
392 470 522 519 quibus
552 471 759 508 Herodotus
787 471 1026 514 adsentiatur,
1056 482 1138 508 cum
1168 481 1246 507 eam
1275 470 1314 506 in
1337 470 1481 518 Scythia
1508 472 1603 519 apud

199 531 339 568 Tauros
374 530 503 567 divinis
533 530 601 567 coli
639 531 838 568 honoribus
866 532 994 569 tradat.
1064 530 1237 568 Addenda
1266 542 1344 567 esse
1371 530 1427 567 his
1454 530 1605 569 Hesiodi

200 591 446 638 Herodotique
484 590 675 626 sententiis
720 602 758 627 ea
802 591 951 639 quaem)
988 591 1183 628 Pausanias
1212 591 1253 628 Π.
1283 590 1344 636 22,
1372 591 1394 626 7
1431 591 1536 629 affert
1562 603 1605 629 ex

199 650 434 698 Euphorione
471 655 507 687 et
542 651 744 688 Alexandro
786 651 980 688 Pleuronio
1018 651 1311 688 Wilamowitzius
1351 651 1455 696 vidit,
1501 652 1604 689 cuius

199 711 303 747 velim
334 711 499 748 conferas
527 711 752 759 ingeniosam
782 717 890 760 atque
920 717 1059 749 acutam
1086 712 1380 760 disputationem.
1428 713 1518 750 Cum
1538 713 1604 761 igi-

200 777 258 808 tur
286 771 485 808 Pausanias
520 784 564 808 ex
598 772 812 821 compendio
847 784 914 809 suo
949 773 1192 821 mythologico
1226 772 1373 809 Hesiodi
1404 773 1603 811 Stesichori

199 831 443 880 Euphorionis
477 832 671 870 Alexandri
706 833 906 871 sententias
945 834 1122 879 disceret,
1160 845 1224 871 sua
1260 839 1389 882 sponte
1429 834 1601 872 Herodoti

200 892 318 929 locum
347 893 497 930 addidit.

764 1001 951 1036 LIBER
994 1001 1036 1036 11.

307 1081 336 1116 1.
385 1081 490 1118 Paus.
513 1082 553 1119 11.
578 1082 635 1125 16,
660 1083 691 1118 1.
733 1080 794 1120 Ἰώ
822 1082 897 1133 μὲν
925 1079 997 1120 οὖν
1017 1079 1154 1120 Ἰοίσου
1182 1079 1390 1131 θυγάτηρ,
1421 1083 1518 1119 εἴτε
1546 1084 1603 1129 ὡς

192 1129 450 1191 ίΗρόδοτος
478 1142 691 1193 ἔγραψεν
720 1145 800 1180 εἴτε
827 1144 923 1180 καθ’
953 1140 973 1180 ὃ
1002 1141 1189 1189 λέγουσιν
1210 1139 1414 1193 Ἕλληνες,
1444 1144 1485 1190 ἐς
1518 1143 1603 1185 Αἵ.

195 1215 351 1249 νυπτον
378 1200 626 1254 ἀφικνεῖται.

301 1267 347 1300 cf.
368 1264 452 1300 Her.
474 1265 499 1300 1.
525 1265 651 1312 1sqq.;
673 1266 709 1300 5.

301 1324 352 1361 De
380 1324 477 1360 lonis
514 1324 699 1361 erroribus
736 1323 892 1361 fabulam
922 1335 940 1360 a
969 1324 1148 1371 scriptore
1182 1329 1307 1360 nostro
1337 1325 1406 1362 iam
1436 1327 1472 1364 in
1502 1328 1601 1366 fonte

196 1397 283 1428 suo,
327 1397 400 1433 quo
435 1386 471 1421 in
498 1385 673 1433 Argolidis
707 1396 832 1432 regum
868 1385 1026 1432 catalogo
1065 1398 1153 1422 usus
1188 1391 1261 1429 est,
1304 1387 1488 1425 inventam
1525 1401 1603 1426 esse

195 1446 299 1483 facile
335 1458 377 1482 ex
413 1445 527 1494 ipsius
566 1445 683 1482 verbis
717 1445 940 1493 intelligitur.
1020 1445 1110 1483 Nam
1146 1446 1194 1483 illi
1229 1447 1447 1496 narrationi,
1491 1461 1601 1498 quam

196 1507 360 1553 ipsorum
404 1517 480 1542 esse
524 1505 744 1542 Graecorum
785 1505 894 1549 dixit,
934 1506 1107 1553 opposuit
1148 1507 1386 1544 Herodoteam
1430 1509 1602 1547 historiae

196 1567 364 1602 sormam.
432 1566 469 1601 ld
499 1566 594 1613 quod
629 1577 695 1602 suo
730 1565 808 1602 iure
842 1565 947 1609 fecit,
986 1577 1067 1602 cum
1104 1567 1179 1615 ipse
1207 1567 1412 1605 Herodotus
1441 1580 1481 1606 se
1509 1581 1601 1618 quae

196 1626 328 1662 Persae
357 1626 631 1673 Phoenicesque
665 1626 709 1662 de
737 1626 824 1661 lone
853 1631 1045 1662 narrarent
1082 1627 1282 1663 relaturum
1311 1628 1454 1665 disertis
1483 1630 1600 1666 verbis

196 1690 293 1721 esset
328 1685 519 1733 pollicitus.
589 1685 641 1721 Illi
674 1689 795 1721 autem
832 1684 922 1721 nihil
950 1685 1101 1721 omnino
1130 1686 1249 1722 sciunt
1282 1687 1324 1723 de
1353 1687 1451 1724 Ionis
1481 1700 1600 1725 sacer-

196 1746 315 1788 dotio,
353 1745 440 1781 nihil
476 1745 521 1781 de
550 1745 644 1782 Iovis
682 1756 823 1788 amore,
862 1745 947 1781 nihil
985 1745 1029 1781 de
1063 1746 1180 1793 puella
1218 1746 1254 1782 in
1282 1754 1425 1784 vaccam
1462 1754 1601 1786 mutata

195 1804 447 1852 custoditaque
477 1805 520 1841 ab
549 1805 654 1852 Argo,
683 1805 773 1841 nihil
802 1805 845 1841 de
866 1804 994 1841 Oestro
1025 1805 1079 1841 vel
1108 1805 1151 1841 de
1179 1805 1275 1843 Ionis
1303 1817 1370 1854 per
1388 1807 1600 1846 universum

195 1866 320 1903 orbem
351 1871 528 1903 terrarum
559 1865 745 1903 erroribus
774 1877 890 1913 usque
919 1866 961 1902 ad
983 1866 1180 1914 Aegyptum
1210 1868 1406 1914 perductis,
1434 1869 1497 1906 sed
1518 1882 1598 1907 eam

195 1937 212 1962 a
244 1926 506 1966 mercatoribus
527 1925 766 1962 Phoenicibus
794 1931 934 1973 raptam
964 1931 1001 1961 et
1020 1926 1122 1972 Argis
1149 1926 1188 1962 in
1208 1928 1410 1975 Aegyptum
1439 1935 1598 1966 avectam

192 2041 289 2072 menti
325 2046 373 2072 est
408 2042 446 2071 ad
475 2039 655 2081 periegetae
684 2039 789 2070 fontes
819 2038 1095 2077 pervestigamus,
1129 2043 1237 2069 nostra
1269 2040 1390 2079 quidem
1419 2042 1597 2082 disquisitio

192 2091 309 2123 leviter
331 2097 451 2122 tantum
475 2092 632 2129 attingere
660 2093 780 2129 potest,
810 2097 878 2119 cum
901 2087 939 2118 ad
963 2088 1051 2117 finem
1075 2088 1202 2127 perduci
1228 2094 1361 2129 nequeat
1384 2091 1445 2122 nisi
1472 2093 1599 2132 copiosa

192 2148 398 2183 accurataque
421 2142 697 2172 demonstratione.

276 2194 313 2231 ¹⁸)
343 2193 430 2233 Quod
460 2191 721 2222 Wilamowitzius
751 2192 826 2229 (die
854 2193 960 2223 beiden
987 2193 1149 2225 Elektren’
1177 2193 1280 2224 Herm.
1304 2190 1415 2223 XVIII.
1438 2202 1466 2232 p.
1484 2192 1554 2232 252,
1570 2193 1598 2229 2)

192 2254 302 2275 errore
331 2253 349 2274 a
373 2243 525 2274 Pausania
549 2242 702 2273 Arcadum
732 2253 840 2275 nomen
865 2254 920 2284 pro
945 2245 1074 2283 Argivis
1097 2244 1233 2284 positum
1256 2252 1325 2275 esse
1348 2243 1523 2282 existimat,
1555 2244 1600 2274 ita

190 2298 250 2327 hoc
279 2295 386 2326 verbis
409 2295 543 2334 exprimi
568 2292 741 2333 noluerim3
769 2305 836 2325 cum
861 2295 941 2325 enim
964 2295 1044 2325 illud
1067 2300 1153 2325 certe
1177 2294 1245 2324 erui
1268 2304 1327 2324 non
1348 2295 1467 2333 possit,
1495 2298 1599 2323 utrum

191 2345 365 2376 Pausaniae
398 2345 474 2376 talis
506 2345 548 2376 sit
576 2345 734 2376 scribendi
764 2354 857 2375 error
885 2354 922 2375 an
947 2345 1069 2376 scribae
1093 2344 1134 2384 (id
1159 2344 1238 2384 quod
1262 2344 1336 2374 mihi
1358 2344 1479 2384 quidem
1501 2343 1599 2382 magis

191 2396 306 2437 placet)
337 2396 537 2434 tribuendus,
570 2405 624 2426 cur
654 2405 711 2425 non
737 2395 929 2433 Argivorum
960 2405 1069 2426 nomen
1100 2395 1305 2435 reponamus?
1348 2393 1426 2425 Nam
1450 2393 1598 2425 servandi

190 2450 264 2475 sunt
298 2446 327 2474 in
363 2450 501 2475 veterum
535 2445 663 2485 scriptis
694 2445 851 2482 cogitandi
883 2454 1026 2484 errores,
1060 2446 1087 2482 (e
1116 2444 1226 2484 quibus
1259 2444 1447 2483 scriptorum
1476 2443 1598 2473 indoles

191 2496 315 2534 elucet),
340 2495 497 2525 scribendi
520 2504 646 2525 errores
669 2496 817 2525 tollamus
842 2500 976 2535 oportet.

274 2546 313 2585 ¹⁹)
337 2546 538 2576 Stesichorus
563 2546 643 2576 enim
661 2545 845 2576 Hesiodeam
868 2545 978 2575 habuit
993 2545 1092 2585 mythi
1109 2543 1249 2582 formam,
1273 2542 1311 2574 cf.
1327 2542 1496 2574 Philodem.
1519 2542 1598 2583 περὶ

191 2593 359 2634 εὐσεβείας
381 2596 428 2624 ed.
453 2595 509 2625 Th.
535 2595 687 2635 Gomperz
710 2594 978 2633 (Herculanisclte
999 2593 1137 2625 Studien'
1161 2593 1210 2633 II.)
1233 2594 1294 2624 tab.
1321 2593 1395 2623 52a.
