1811 2933
194 239 366 280 tiunculis
385 243 498 281 ratus,
527 237 588 274 ubi
607 237 793 275 Methones
821 237 893 285 (vel
922 244 961 276 ut
989 238 1216 287 periegeseos
1251 237 1393 275 codices
1423 236 1598 278 scribunt,

191 300 398 346 Mothones)
428 304 665 335 monumenta
707 299 901 342 recensuit,
944 310 1028 335 cum
1070 300 1169 336 inter
1207 311 1248 336 ea
1284 305 1417 346 puteus
1451 308 1600 345 quoque

193 372 306 409 aquae
346 359 425 408 pice
466 357 666 406 permixtae
707 358 838 396 fuisset
882 359 1244 405 commemorandus,
1287 371 1328 396 ex
1362 357 1598 395 historiarum

194 419 413 460 mirabilium
442 422 588 455 auctore
623 419 745 456 nescio
782 431 854 467 quo
896 418 1044 467 longum
1082 420 1240 457 fontium
1278 429 1494 462 numerum,
1537 418 1600 466 qui

194 486 314 519 essent
350 480 406 516 vel
440 479 560 516 colore
598 479 653 515 vel
691 485 797 526 gusto
830 479 1002 527 insignes,
1030 480 1224 517 lectoribus
1252 479 1443 527 proponit3
1472 477 1600 515 deinde

193 541 417 580 Herodotum
447 552 593 589 quoque
627 540 762 589 aliquid
790 540 834 577 de
863 541 955 578 miro
984 542 1141 590 quodam
1176 542 1276 578 fonte
1305 540 1446 578 tradere
1475 549 1599 576 recor-

194 604 299 640 datus
319 601 440 638 laudat
468 600 546 636 eius
574 601 848 644 auctoritatem3
876 606 1061 649 postremo
1091 602 1134 638 ad
1154 600 1325 638 Herodoti
1351 600 1598 637 narrationem

194 661 481 699 confirmandam
510 672 616 708 quem
646 661 723 709 ipse
752 661 887 698 viderat
915 662 1054 699 fontem
1083 662 1323 699 Puteolanum
1353 661 1462 699 addit.
1505 661 1596 698 Cum

200 727 321 760 autem
351 721 575 758 Herodotum
620 721 762 765 citaret,
804 721 927 759 omisit
961 723 1124 769 profecto
1160 733 1340 759 summam
1374 721 1446 764 rei·‚
1478 733 1596 769 neque

195 782 291 819 enim
321 781 438 817 rivum
460 792 625 817 amarum
654 781 693 816 in
713 781 878 829 Hypanin
907 781 1057 818 influere
1086 783 1241 819 maxime
1270 787 1326 819 est
1355 782 1502 823 mirum,
1531 782 1596 818 sed

194 838 340 891 parvulo
369 840 429 877 illo
458 841 560 877 fonte
589 851 760 888 magnum
789 852 936 878 amnem
971 852 1135 879 amarum
1173 840 1321 888 fieri23).
1377 841 1481 886 Quod
1512 852 1596 878 cum

194 901 395 938 Pausaniae
423 901 577 938 lectores
605 901 807 949 intelligere
835 913 911 938 non
939 907 1105 950 possent,
1148 907 1274 939 tamen
1312 903 1389 950 ipse
1416 901 1596 950 periegeta

192 967 291 999 recte
332 961 518 1009 cognovit;
561 972 644 997 nam
680 962 778 1009 quod
816 961 920 998 affert
957 962 1162 1010 exemplum
1200 962 1441 999 Puteolanum
1476 961 1524 998 ita
1561 961 1598 998 in

193 1021 366 1059 Herodoti
401 1022 645 1059 narrationem
679 1022 847 1070 quadrat,
883 1027 924 1059 ut
960 1022 1157 1059 Pausaniae
1185 1022 1356 1059 Herodoti
1392 1021 1511 1058 verbis
1546 1021 1599 1058 uti

194 1082 351 1128 licuerit,
393 1088 433 1118 ut
474 1083 677 1118 ostendunt
718 1082 824 1118 verba
854 1082 1052 1118 Pausaniae
1088 1078 1190 1119 οὕτω
1227 1080 1277 1131 δή
1304 1096 1343 1118 τι
1372 1078 1442 1128 ὀξυ
1471 1081 1598 1118 collata

193 1154 274 1179 cum
305 1141 482 1179 Herodoti
511 1137 615 1179 οὕτω
646 1139 694 1191 δὴ
723 1154 762 1178 τι
791 1140 915 1179 ἐοῦσα
943 1139 1079 1192 πικρή.

762 1270 950 1307 LIBER
992 1271 1030 1307 V.

980 1353 1063 1390 Her.
1092 1352 1166 1390 Vll.
1206 1352 1291 1389 170.
1361 1348 1382 1388 ὁ
1425 1349 1471 1388 δὲ
1516 1351 1598 1387 Μί-

927 1414 1055 1456 κυθος
1100 1413 1300 1461 οἰκέτης
1346 1408 1434 1449 ἐών
1464 1407 1600 1448 Ἄνα-

929 1471 1045 1515 ξίλεω
1110 1471 1389 1521 ἐπίτροπος
1445 1468 1602 1521 Ῥηγίου

928 1531 1235 1579 καταλέλειπτο,
1290 1528 1406 1576 οὗτος
1439 1528 1484 1576 ὅς
1525 1544 1602 1581 περ

261 1353 293 1388 1.
356 1352 462 1389 Paus.
505 1352 544 1389 V.
587 1351 656 1394 26,
699 1353 733 1388 4.
796 1352 867 1391 τὸν

191 1411 266 1461 γὰρ
301 1410 350 1460 δὴ
383 1413 580 1450 Μίκυθον
620 1412 764 1450 τοῦτον
798 1410 867 1450 ‘H—

194 1469 407 1521 ρόδοτος
435 1470 525 1522 ἔφη
554 1468 597 1510 ἐν
624 1478 711 1516 τοῖς
731 1471 867 1519 λόγοις

194 1529 245 1576 ὠς
267 1529 457 1575 Ἀναξίλα
484 1532 555 1570 τοῦ
584 1531 626 1571 ἓν
644 1530 783 1583 Ῥηγίῳ
801 1546 866 1571 τυ-

194 1590 465 1642 ραννήσαντος
479 1591 744 1642 γενόμενος
760 1592 866 1631 δοῦ-

192 1651 275 1697 λος
295 1652 363 1691 καὶ
382 1655 561 1703 ταμίας
579 1653 658 1692 τῶν
672 1651 867 1698 Ἀναξίλα

191 1711 407 1763 χρημάτων
426 1711 593 1764 ὕστερον
607 1711 760 1753 τούτων
776 1711 866 1752 ἀπ-

194 1772 279 1812 ιών
306 1775 510 1822 οἴχοιτο
547 1773 586 1819 ἒς
620 1775 770 1823 Τεγέαν
802 1789 866 1813 τε-

928 1590 1116 1632 ἐκπεσών
1149 1593 1192 1631 ἐκ
1221 1591 1381 1644 Ῥηγίου
1416 1592 1485 1630 καὶ
1527 1594 1603 1629 Τε-

926 1656 1022 1704 γέην
1067 1654 1138 1705 τὴν
1174 1652 1381 1705 Ἀρκάδων
1437 1652 1604 1703 οἰκήσας

927 1712 1105 1766 ἀνέθηκε
1157 1713 1201 1753 ἐν
1248 1712 1451 1764 Ὀλυμπίῃ
1512 1712 1604 1758 τοὺς

928 1774 1105 1820 πολλοὺς
1134 1772 1390 1825 ἀνδριάντας.

191 1831 455 1885 λευτήσαντος
477 1832 680 1879 Ἀναξίλα.

245 1903 431 1952 Olympiae
458 1905 496 1942 in
519 1917 621 1942 sacro
641 1917 791 1942 nemore
810 1905 1010 1953 permultae
1030 1906 1221 1943 collocatae
1240 1911 1344 1943 erant
1369 1910 1508 1942 statuae
1525 1903 1604 1940 Jovi

196 1961 361 2013 Olympio
389 1977 407 2002 a
437 1966 593 2015 Micytho
623 1966 753 2004 Choeri
785 1966 856 2003 filio
884 1966 1078 2012 dedicatae,
1107 1979 1197 2015 quas
1227 1977 1449 2003 enumerans
1478 1964 1602 2001 Glauci

194 2025 338 2061 artificis
367 2032 519 2063 aetatem
551 2027 627 2064 erui
655 2039 763 2075 posse
790 2032 894 2064 ratus
923 2040 965 2064 ex
994 2027 1139 2075 Micythi
1167 2033 1344 2075 tempore,
1380 2025 1478 2062 addit
1505 2025 1600 2061 Pau-

191 2084 310 2121 sanias
340 2097 379 2123 ea
409 2098 500 2134 quae
535 2099 576 2124 ex
611 2087 794 2124 Herodoto
831 2087 875 2124 de
917 2086 1062 2135 Micythi
1107 2087 1190 2124 fatis
1226 2091 1455 2135 compererat
1488 2084 1604 2132 iisque

195 2154 236 2179 ex
266 2144 536 2194 Olympicarum
574 2147 853 2194 inscriptionum
895 2147 1019 2183 codice
1056 2158 1127 2194 quo
1157 2146 1389 2193 utebatur²⁷)
1418 2156 1530 2193 pauca
1559 2145 1603 2181 de

275 2246 315 2286 28)
337 2248 465 2279 Monere
489 2248 568 2279 satis
592 2248 656 2279 erit
678 2247 795 2279 fontem
819 2248 908 2279 illum
932 2258 1069 2290 amarum
1093 2254 1179 2280 certe
1203 2259 1261 2279 non
1287 2249 1350 2280 nisi
1365 2249 1395 2279 iu
1413 2249 1603 2289 scriptorum

194 2297 338 2336 opinione
375 2305 483 2330 extare
507 2309 563 2330 cur
585 2308 680 2339 prope
704 2299 818 2329 ostium
845 2309 968 2330 amarus
992 2300 1047 2330 fiat
1069 2300 1167 2330 amuis
1191 2299 1421 2339 quaerentium3
1443 2299 1475 2330 id
1499 2303 1603 2329 autem

193 2347 336 2378 accidere
361 2358 440 2389 aqua
475 2349 595 2379 marina
628 2348 773 2379 fluctibus
795 2349 826 2379 in
854 2359 973 2380 amnem
997 2350 1101 2379 delata
1124 2349 1216 2379 hodie
1240 2358 1328 2379 nemo
1353 2359 1413 2379 non
1437 2349 1603 2387 intelligit.

192 2396 253 2427 Sed
289 2398 391 2430 sabula
422 2401 502 2440 apud
534 2405 659 2431 veteres
688 2400 758 2430 inde
781 2399 818 2429 ab
842 2399 1000 2430 Herodoto
1025 2409 1117 2440 saepe
1141 2405 1416 2440 commemoratur,
1449 2398 1487 2430 cf.
1512 2399 1602 2430 Ovid.

192 2445 266 2478 Met.
292 2448 363 2481 XV.
381 2450 494 2490 285sq.
518 2450 645 2481 Vitruv.
672 2451 700 2488 8,
717 2450 808 2489 3,11.
832 2449 966 2480 Melan.
991 2451 1019 2481 7.
1044 2451 1149 2490 Steph.
1175 2450 1247 2490 Byz.
1274 2460 1303 2483 v.
1320 2446 1466 2484 ‘'Ynamf
1488 2450 1580 2480 alios.

275 2498 313 2537 ²⁷)
338 2499 377 2531 cf.
401 2500 436 2531 G.
457 2499 552 2538 Treu,
577 2500 770 2531 ‘vermischte
794 2499 1029 2540 bemerltungen'
1054 2500 1087 2531 in
1111 2500 1205 2531 ‘arcln
1229 2499 1303 2541 τίς]
1329 2501 1409 2532 1882
1438 2510 1465 2540 p.
1489 2500 1526 2530 72
1540 2509 1605 2540 sqq.

192 2550 224 2576 et
250 2546 287 2578 G.
316 2550 495 2581 Hirschfeld
518 2551 711 2581 ‘Pausanias
731 2550 799 2581 und
818 2550 869 2581 dio
890 2551 1082 2592 inschrzj'ten
1102 2560 1158 2582 von
1180 2550 1332 2592 Olympia'
1349 2551 1382 2581 in
1400 2551 1506 2581 eodem
1521 2550 1606 2580 libro

192 2604 221 2634 p.
238 2596 276 2627 97
287 2607 301 2628 s
345 2622 352 2629 .

305 2609 342 2639 qq
1368 2654 1409 2686 2*

1627 1356 1665 1388 10
