1811 2933
772 119 1044 157 -18-

198 229 254 266 cui
283 229 342 266 ille
370 229 539 266 fabellam
570 227 742 276 inseruit)
770 227 998 275 suntum²⁴):
1028 227 1090 264 sed
1121 227 1210 264 haec
1229 227 1458 265 Herodoteae
1482 239 1608 265 narra-

199 289 308 327 tionis
336 289 457 327 brevis
486 287 789 327 commemoratio
818 288 851 325 ei
879 298 954 325 non
980 288 1148 325 sufficere
1176 287 1375 333 videbatur,
1403 289 1518 326 immo
1545 300 1610 326 an-

194 361 273 386 sam
311 351 343 386 ei
376 350 562 397 praebuit,
605 360 672 386 cur
704 349 848 396 longius
877 348 921 385 ab
954 348 1144 396 proposito
1179 353 1411 395 evagaretur:
1451 360 1610 396 namque

195 410 354 448 adnectit
396 421 438 447 ex
480 411 583 446 fonte
621 408 742 457 aliquo
781 408 1135 458 paradoxographico
1164 408 1268 446 aliam
1298 408 1476 453 fabulam,
1518 421 1609 458 quae

194 472 238 508 ad
265 471 457 520 delphinos
486 482 690 518 eorumque
718 469 1040 507 mansuetudinem
1070 469 1276 518 spectat25).

757 564 948 602 LIBER
990 563 1045 601 IV.

252 638 285 672 1.
314 636 497 673 Paus.1V.
528 635 590 679 35,
617 636 674 672 12.
702 634 787 673 τὸν
815 634 867 672 δὲ

191 693 453 745 “Ηρόδοτον
499 694 617 733 οἶδα
664 692 871 733 εἰπόντα

197 754 259 800 ὠς
300 754 348 800 ἒς
387 755 474 793 τὸν
515 754 754 805 ποταμὸν
787 751 872 792 τὸν

188 812 399 854 Ὕπανιν
441 813 722 853 ἐκδίδωσιν
757 811 871 852 ὕδα-

194 888 277 921 τος
305 875 489 925 πικροῦ
516 873 638 926 πηγή.
710 875 802 919 Πῶς
830 873 871 913 δ’

195 935 246 974 ἄν
261 934 332 974 οὐκ
353 933 671 985 ἀποδεξαίμεθα
690 933 871 987 ἀληθεύ-

195 1009 256 1034 ειν
281 994 389 1046 αὐτῷ
416 996 487 1034 τὸν
512 994 654 1043 λόγον,
693 993 798 1034 ὅπου
827 1010 872 1043 γε

195 1056 263 1094 καὶ
305 1056 368 1107 ἐφ’
398 1054 511 1107 ἡμῶν
544 1055 587 1095 ἓν
617 1058 872 1105 Δικαιαρχίᾳ

193 1118 241 1168 τῇ
273 1115 488 1167 Τυῤῥηνῶν
521 1114 728 1166 ἐξεύρηται
762 1112 871 1166 ὕδωρ

194 1179 317 1227 σφίσι
346 1175 526 1226 θερμόν,
576 1173 702 1214 οὕτω
732 1175 791 1227 δή
824 1192 870 1213 τι

193 1232 277 1279 ὀξυ
319 1233 421 1273 ὥστε
461 1236 532 1274 τὸν
558 1235 777 1286 μόλυβδον,
807 1236 872 1274 δι-

192 1295 297 1350 εξῄει
326 1296 402 1347 γὰρ
431 1296 503 1334 διὰ
528 1295 735 1346 μολύβδου
764 1296 871 1348 ῥέον,

193 1356 301 1395 ἔτεσι
331 1356 543 1407 κατέτηξεν
572 1354 618 1395 οὗ
646 1356 829 1402 πολλοῖς.

986 635 1069 672 Her.
1090 635 1147 671 lv.
1177 635 1238 671 52.
1294 633 1337 671 ἐκ
1365 631 1510 684 ταύτης
1556 631 1610 673 ὦν

933 695 998 743 (sc
1026 695 1095 745 τῆς
1123 693 1281 744 λίμνης)
1318 691 1551 732 ἀνατέλλων
1584 692 1606 732 ὁ

925 752 1098 798 Ὕπανις
1118 752 1301 803 ποταμὸς
1321 753 1428 804 ῥέει·
1445 750 1516 791 ἐπὶ
1536 754 1610 804 μὲν

934 816 1055 852 πέντε
1081 812 1260 864 ημερέων
1288 812 1419 851 πλόον
1459 813 1610 863 βραχυς

933 873 1001 912 καὶ
1027 872 1170 922 γλυκύς
1198 872 1301 920 ἐστι,
1331 868 1418 913 απὸ
1445 872 1491 912 δὲ
1518 872 1609 913 τού-

933 948 1004 973 του
1033 934 1135 985 πρὸς
1163 931 1381 984 θαλάσσης
1409 935 1610 985 τεσσέρων

933 993 1112 1045 ἡμερέων
1132 992 1262 1032 πλόον
1282 993 1427 1044 πικρὸς
1455 993 1607 1039 δεινῶς.

934 1054 1133 1094 ἐκδιδοῖ
1185 1053 1276 1105 γὰρ
1343 1052 1389 1099 ἒς
1457 1052 1609 1094 αὐτόν

933 1114 1079 1165 κρήνη
1109 1112 1287 1165 πικρή,
1324 1111 1449 1152 οὕτω
1485 1113 1542 1165 δή
1568 1129 1607 1152 τι

933 1174 1082 1214 ἐοῦσα
1130 1174 1307 1225 πικρή,
1361 1170 1384 1225 ἦ
1431 1174 1609 1225 μεγάθεϊ

932 1235 1080 1286 σμικρὴ
1111 1234 1237 1273 ἐοῦσα
1256 1235 1374 1285 κιρνᾷ
1391 1234 1463 1273 τὸν
1480 1232 1608 1273 ‘'Yna-

932 1309 996 1335 νιν
1015 1294 1203 1345 ποταμὸν
1218 1294 1261 1333 ἐν
1276 1292 1451 1342 ὀλίγοισι
1467 1297 1605 1345 μέγαν.

933 1355 1018 1394 ἔστι
1060 1355 1106 1394 δὲ
1142 1353 1166 1407 ἦ
1200 1353 1321 1407 κρήνη
1341 1352 1438 1406 αὕτη
1467 1354 1511 1394 ἒν
1539 1355 1608 1395 οὕ-

932 1426 1042 1466 ροισι
1071 1413 1200 1467 χώρης
1228 1415 1298 1466 τῆς
1324 1429 1367 1453 τε
1401 1413 1609 1467 ἀροτήρων

930 1478 1127 1515 Σκυθέων
1163 1475 1232 1514 καὶ
1265 1473 1516 1519 Ἀλαζόνων·
1539 1474 1609 1514 οὔ-

928 1550 1034 1587 νομα
1072 1536 1118 1575 δὲ
1151 1536 1198 1591 τῇ
1232 1532 1357 1587 κρήνῃ
1393 1535 1462 1573 καὶ
1505 1533 1608 1576 ὅθεν

929 1596 1011 1648 ῥέει
1048 1598 1105 1648 τῷ
1145 1593 1267 1648 χώρῳ
1304 1598 1497 1635 σκυθιστὶ
1535 1597 1609 1647 μὲν

922 1655 1189 1708 Ἐξαμπαῖος,
1210 1655 1312 1695 κατὰ
1326 1655 1457 1708 δὲτὴν
1472 1655 1607 1709 Ἑλλή-

929 1730 1009 1756 νων
1036 1717 1227 1765 γλῶσσαν
1252 1715 1348 1767 Ἱραί
1378 1714 1483 1755 ὁδοί.

297 1780 491 1817 Pausanias
512 1790 626 1829 pauca
646 1779 703 1815 illa
724 1790 816 1827 quae
845 1778 888 1816 de
916 1778 1184 1816 Messeniorum
1214 1783 1308 1816 terra
1332 1789 1459 1815 eorum
1490 1778 1604 1816 histo-

189 1841 263 1877 riae
299 1840 462 1877 adiunxit
496 1840 660 1877 ornanda
695 1851 774 1876 esse
815 1839 1042 1888 interpositis
1082 1840 1126 1877 de
1154 1839 1258 1877 variis
1286 1839 1395 1877 rebus
1431 1840 1605 1877 disserta-

273 1946 313 1986 ²⁴)
336 1946 468 1977 Praeter
490 1946 681 1976 Herodotum
703 1945 835 1975 Arionis
859 1944 925 1976 fata
948 1950 1115 1976 narrarunt
1141 1945 1265 1976 Gellius
1296 1945 1399 1984 (Noct.
1427 1946 1494 1976 Att.
1519 1945 1605 1977 XVI.

191 1996 259 2036 19),
282 1997 335 2037 qui
358 1997 449 2028 illius
472 2001 593 2027 tantum
616 1997 714 2027 verba
737 1997 866 2028 videtur
889 1996 920 2027 in
944 1995 1088 2027 Latinum
1111 2006 1285 2028 sermonem
1308 1997 1524 2036 convertisse,
1548 1997 1604 2028 Dio

189 2047 434 2086 Chrysostomus
457 2045 650 2085 (or.37in.),
674 2046 725 2085 qui
749 2050 782 2076 et
804 2047 872 2085 ipse
895 2046 1054 2077 Herodoto
1078 2057 1152 2077 usus
1176 2052 1234 2076 est.
1279 2046 1422 2087 Hyginus
1445 2046 1517 2084 (fab.
1538 2048 1606 2084 194,

188 2095 228 2127 cf.
263 2096 357 2126 etiam
392 2095 490 2125 schol.
523 2094 700 2125 Germanic.
734 2094 768 2125 Il.
793 2104 821 2134 p.
849 2096 924 2134 165,
962 2096 1094 2135 1—166‚
1128 2096 1148 2126 4
1181 2100 1214 2125 et
1246 2094 1415 2126 Robertum
1442 2095 1604 2127 Eratosth.

188 2156 216 2186 p.
239 2146 294 2177 201
309 2145 388 2185 sqq.)
415 2145 510 2175 aliam
532 2145 736 2175 traditionem
765 2149 894 2176 secutus
916 2146 1045 2176 videtur
1068 2155 1155 2184 esse;
1186 2146 1363 2185 Apollinem
1387 2146 1468 2176 enim
1491 2147 1605 2178 Arioui

187 2205 244 2234 per
259 2196 395 2235 quietem
409 2204 442 2225 se
460 2195 616 2224 obtulisse
633 2195 809 2233 salutisque
823 2195 907 2225 viam
924 2195 954 2225 ei
970 2200 1172 2233 monstrasse,
1187 2195 1361 2235 delphinum
1376 2199 1479 2225 autem
1495 2201 1604 2236 postea

186 2245 216 2275 in
253 2249 412 2275 astrorum
446 2253 575 2275 numero
610 2244 798 2274 collocatum
835 2253 904 2275 esse
934 2244 1022 2275 dicit.
1074 2244 1219 2276 Ceterum
1248 2244 1478 2276 Eratosthenes
1509 2247 1605 2277 aliter

186 2295 327 2335 delphini
355 2295 443 2326 sidus
467 2295 671 2332 inlustravit,
701 2293 739 2325 cf.
764 2295 970 2327 catasterism.
994 2305 1022 2336 p.
1047 2296 1160 2336 158sq.
1206 2295 1357 2334 Ovidius,
1387 2300 1422 2326 ut
1443 2295 1532 2327 Fasti
1553 2296 1603 2335 (Π.

186 2346 346 2384 83-118)
369 2350 480 2386 suapte
505 2350 617 2375 natura
641 2344 858 2385 postulabant,
889 2345 1030 2376 chronici
1053 2355 1140 2376 more
1165 2355 1229 2376 rem
1252 2350 1380 2376 enarrat
1404 2346 1511 2376 eodem
1533 2345 1601 2377 fere

185 2406 245 2435 quo
269 2396 409 2436 Hyginus
441 2396 550 2434 modo;
582 2395 723 2425 breviter
746 2396 937 2426 mentionem
961 2394 1081 2426 faciunt
1104 2396 1233 2426 Arionis
1259 2395 1339 2426 Plin.
1364 2396 1400 2426 N.
1425 2395 1459 2426 H.
1484 2395 1538 2431 IX.
1561 2396 1602 2426 28

184 2450 216 2475 et
239 2446 363 2476 Aelian.
389 2446 425 2476 de
447 2446 485 2477 N.
510 2447 569 2477 An.
593 2445 661 2476 ΧΠ.
688 2446 746 2484 45;
782 2445 821 2476 ef.
848 2447 972 2477 omnino
1000 2448 1037 2477 de
1060 2446 1189 2477 Arionis
1213 2445 1318 2477 fabula
1343 2445 1471 2477 Lehrsii
1493 2447 1604 2478 ‘ueber

182 2497 336 2528 waltrhez't
363 2496 429 2527 und
456 2496 609 2537 dichlung
636 2498 681 2532 in,
697 2497 754 2527 der
779 2498 899 2536 grieelz.
925 2496 1188 2538 lz‘teraturgesclc!
1219 2497 1250 2527 in
1272 2497 1387 2538 ‘popul.
1411 2498 1498 2537 avtss.
1519 2507 1549 2528 a.
1573 2497 1602 2527 d.

182 2546 316 2578 auertit!
340 2557 369 2587 p.
387 2547 447 2578 386
456 2557 520 2587 sqq.

266 2598 306 2635 ²⁵)
325 2596 365 2628 cf.
389 2598 572 2638 epimetrum
595 2597 631 2628 11.
