1811 2933
750 106 1017 145 -13-

186 224 266 249 esse
299 212 459 249 tradunt.
532 212 670 257 Quibus
699 213 812 250 Poeni
847 226 912 251 sua
941 219 1072 263 sponte
1106 226 1183 251 eam
1219 214 1255 250 in
1286 224 1413 251 navem
1443 213 1588 249 venisse

184 272 338 315 addunt,
382 273 478 321 quod
516 284 558 309 ex
600 278 793 311 nautarum
830 274 950 323 aliquo
989 275 1130 323 gravida
1167 275 1325 311 dedecus
1359 284 1587 322 poenamque

185 332 389 371 metuisset.
452 333 555 371 Hanc
589 333 814 372 historiolam
848 335 892 372 ab
921 334 1092 373 omnibus
1121 335 1340 372 Graecorum
1369 334 1587 372 narrationi-

186 394 252 431 bus
281 399 357 431 toto
386 394 483 431 caelo
504 394 761 432 abhorrentem
780 396 899 433 facere
919 407 993 433 non
1012 397 1128 444 potuit
1146 396 1336 444 periegeta‚
1366 396 1453 444 quin
1473 395 1585 432 lecto-

183 455 286 492 ribus
320 455 395 492 suis
431 455 470 492 in
508 455 721 492 memoriam
760 461 971 501 revocaret3
1013 456 1088 504 ipse
1116 457 1321 494 Herodotus
1355 457 1509 493 fortasse
1543 467 1587 492 ex

184 515 354 552 Hecataei
374 515 535 552 historiis
565 527 644 552 eam
671 516 909 564 deprompsit,
938 517 1071 565 quippe
1099 529 1207 565 quem
1236 528 1411 565 persaepe
1438 516 1585 565 pristini

182 576 359 624 temporis
396 576 534 612 fabulas
563 586 643 612 esse
681 576 908 613 incredibiles
935 582 1054 613 ratum
1084 587 1150 613 suo
1179 588 1237 613 eas
1265 576 1483 621 arbitriorad
1514 577 1583 613 hu-

184 647 329 673 manam
360 635 538 672 rationem
567 636 859 673 accommOdaSSe
887 642 1081 675 constaret.

234 698 268 736 2.
289 699 393 736 Paus.
414 699 456 735 ΙΙ.
478 699 539 743 20,
562 700 621 736 10.
650 697 850 750 πρότερον

181 759 226 798 δὲ
241 757 300 797 ἔτι
318 757 389 798 τὸν
407 756 544 806 ἇγῶνα
566 759 709 797 τοῦτον
727 772 849 808 προε-

181 818 355 871 σήμηνεν
374 816 398 870 ἦ
425 821 581 865 Πυθία,
601 816 682 858 καὶ
700 818 749 858 τὸ
770 817 849 857 λό-

179 892 289 927 γιον
317 881 420 917 εἴτε
454 878 607 924 ἄλλως
644 880 742 916 εἴτε
769 879 848 916 καὶ

181 936 342 984 συνεὶς
379 938 628 990 ἐδήλωσεν
651 938 843 989 (Ηρόδο-

178 1013 272 1045 τος.

178 1058 311 1106 „dux
354 1056 471 1098 ὅταν
498 1057 522 1110 ἦ
557 1057 742 1110 θήλεια
768 1057 848 1097 τὸν

282 1116 466 1170 ὂίρρενα
492 1118 749 1170 νικήσασα

180 1178 395 1230 ἐξελάσῃ
450 1179 531 1217 καὶ
594 1179 742 1224 κῦδος
797 1178 848 1218 ἐν

272 1238 575 1290 Ἀργείοισιν
601 1239 801 1290 ἄρηται,

176 1299 364 1345 πολλὰς
416 1297 648 1350 Ἀργείων
700 1297 847 1350 ἀμφι-

281 1360 498 1411 δρυφέας
524 1359 637 1399 τότε
657 1358 848 1411 θήσει.“

177 1421 228 1459 τὰ
245 1420 320 1471 μὲν
347 1419 387 1465 ἐς
405 1420 450 1458 τὸ
471 1419 586 1471 ἔργον
602 1420 681 1459 τῶν
708 1433 848 1468 γυναι-

175 1481 255 1519 κῶν
269 1476 414 1528 ἔχοντα
432 1482 504 1519 τοῦ
522 1481 704 1531 χρησμοῦ
722 1481 848 1519 ταῦτα

176 1538 236 1591 ἦν.

961 700 1045 737 Her.
1066 700 1120 738 VI.
1142 700 1203 736 77.
1233 697 1416 737 ἐνθαῦτα
1457 695 1506 747 δή
1543 694 1583 734 οἳ

905 757 1081 811 ’Λργεΐοι
1108 760 1180 810 τὴν
1212 758 1286 809 μὲν
1318 758 1361 797 ἐκ
1397 758 1468 797 τοῦ
1502 771 1583 808 φα-

909 822 1026 872 νεροῦ
1067 820 1199 872 μάχην
1240 818 1311 860 οὐκ
1349 819 1581 870 ἐφοβέοντο,

912 879 1015 919 ἀλλὰ
1041 881 1095 932 μὴ
1115 882 1221 933 δόλῳ
1249 880 1473 931 αἱρεθέωσι
1489 892 1497 900 ·
1514 879 1582 917 καὶ

910 940 986 991 γὰρ
1006 940 1056 992 δή
1072 951 1147 992 σφι
1167 941 1207 986 ἐς
1221 942 1340 980 τοῦτο
1355 939 1400 978 τὸ
1416 939 1583 989 πρῆγμα

910 1002 992 1049 εἶχε
1009 1001 1054 1040 τὸ
1074 999 1314 1052 χρηστήριον
1331 998 1376 1038 τὸ
1395 999 1583 1037 ἐπίκοινα

910 1061 1051 1112 ἔχρησε
1084 1057 1107 1112 ἦ
1144 1063 1285 1112 Πυθίη
1326 1058 1508 1099 τούτοισί
1540 1073 1584 1096 τε

909 1120 979 1159 καὶ
1017 1120 1285 1172 Μιλησίοισι,
1321 1120 1447 1167 λέγων
1484 1115 1580 1170 ‹fids-

910 1181 1032 1229 ,,ἆλλ’
1061 1179 1180 1220 ὅταν
1217 1179 1242 1233 ἡ
1280 1179 1464 1232 θήλεια
1500 1178 1583 1217 τὸν

1000 1241 1188 1291 ἄρσενα
1213 1240 1462 1291 νικήσασα

909 1300 1112 1354 ἐξελάσῃ
1142 1301 1224 1340 καὶ
1245 1300 1391 1345 κῦδος
1418 1300 1471 1338 ἐν
1490 1298 1581 1350 Ἄρ-

999 1365 1223 1410 γείοισιν
1251 1360 1463 1412 ἄρηται,

908 1422 1102 1467 πολλὰς
1147 1420 1379 1473 Ἀργείων
1433 1419 1581 1472 ἀμφι-

999 1482 1211 1533 δρυφέας
1244 1482 1356 1521 τότε
1383 1480 1554 1532 θήσει.

909 1540 969 1587 ὥς
1022 1545 1141 1581 ποτέ
1183 1557 1259 1587 τις
1313 1541 1449 1593 ἐρέει
1495 1540 1579 1579 καὶ

999 1602 1353 1653 ἐπεσσομένων
1380 1600 1579 1652 ἀνθρώ-

999 1675 1124 1701 πων·

907 1722 1068 1768 δεινὸς
1122 1722 1241 1774 ὄφις
1292 1721 1579 1774 τριέλικτος

997 1780 1226 1821 ἀπώλετο
1255 1782 1395 1833 δουρὶ
1424 1782 1578 1832 δαμα-

1002 1846 1190 1889 σθείς.“

278 1904 475 1941 Pausanias
512 1909 636 1941 narrat
663 1905 895 1942 Cleomenem
932 1905 1047 1941 filium
1076 1904 1368 1948 Anaxandridae,
1398 1905 1579 1941 Lacedae-

175 1964 383 2002 moniorum
424 1976 566 2013 regem,
600 1964 749 2012 Argivos
786 1964 1054 2013 aggressum²⁰)
1088 1965 1224 2002 multos
1259 1964 1407 2013 quidem
1450 1976 1575 2002 eorum

175 2025 312 2072 proelio
354 2025 548 2062 commisso
589 2025 833 2068 interfecisse,
874 2025 1098 2073 reliquorum
1146 2030 1265 2062 autem
1309 2025 1370 2073 qui
1412 2025 1451 2061 in
1492 2024 1577 2071 Argi

173 2096 303 2122 nemus
333 2085 581 2132 confugissent
609 2085 697 2122 alios
725 2085 808 2122 dolo
837 2085 911 2133 igni
940 2085 1027 2122 alios
1057 2085 1246 2122 delevisse.
1294 2084 1429 2122 Deinde
1455 2089 1575 2121 autem

175 2156 257 2181 cum
296 2145 466 2182 adversus
495 2146 609 2192 Argos
637 2145 723 2181 viris
752 2145 908 2193 privatas
938 2146 1138 2182 exercitum
1169 2145 1344 2188 duxisset,
1372 2144 1576 2181 Telesillam

173 2205 347 2252 poetriam
385 2205 544 2243 collectis
580 2205 797 2254 armatisque
833 2204 1047 2242 mulieribus
1074 2211 1146 2242 tam
1182 2210 1331 2242 strenue
1361 2204 1575 2252 fortiterque

174 2265 208 2301 ei
235 2266 432 2310 restitisse,
470 2271 510 2303 ut
543 2271 650 2313 turpe
680 2277 760 2302 esse
787 2271 887 2302 ratus
926 2266 994 2303 hoc
1022 2265 1222 2302 certamine
1251 2277 1334 2302 cum
1364 2265 1575 2301 mulieribus

174 2325 368 2363 commisso
411 2332 447 2363 et
487 2326 631 2364 vincere
667 2331 703 2363 et
736 2326 847 2371 vinci,
882 2337 922 2362 re
956 2325 1087 2363 infecta
1117 2326 1267 2363 domum
1305 2325 1481 2363 rediisset.
1536 2325 1575 2361 Id

255 2470 296 2509 ²⁰)
318 2470 473 2502 Perverse
496 2479 564 2501 eum
586 2469 635 2501 111.
659 2470 689 2508 4,
706 2470 721 2500 1
746 2470 838 2500 initio
861 2469 951 2508 regni
973 2469 1022 2499 sui
1044 2469 1076 2499 id
1098 2468 1212 2500 secisse
1236 2469 1325 2508 dicit,
1352 2478 1419 2500 cum
1446 2478 1486 2498 ex
1513 2469 1574 2500 He-

172 2520 283 2551 rodoto
311 2521 507 2553 invasionem
536 2519 649 2551 factam
672 2529 741 2551 esse
764 2520 855 2553 brevi
878 2524 950 2552 ante
973 2519 1117 2551 Miletum
1140 2524 1259 2560 captam
1283 2520 1490 2559 intelligatur.
1536 2518 1573 2550 cf.

173 2568 243 2600 Her.
269 2570 318 2602 Vl.
339 2571 391 2608 193
415 2571 525 2611 76sqq.
