1811 2933
332 744 532 795 Floruisse
568 757 836 794 Antoninorum
872 760 1097 808 temporibus
1131 761 1349 810 scriptorum
1387 770 1500 807 genus
1535 758 1627 796 exile

230 819 375 867 quidem
411 829 475 866 per
511 829 551 854 se
584 823 691 865 atque
719 817 892 862 ieiunum,
921 821 1017 867 quod
1045 826 1167 857 tamen
1195 821 1398 858 imitatione
1426 819 1626 867 spoliisque

229 877 369 927 pristini
396 877 574 925 temporis
595 881 763 913 ornatum
793 877 921 915 elatius
944 879 1140 924 incederet,
1162 880 1279 928 quivis
1299 880 1447 917 Luciani
1466 879 1623 916 libellum

228 939 310 986 legit
339 937 645 985 elegantissimum
675 937 735 986 qui
769 938 979 977 inscribitur
1013 940 1100 985 πῶς
1135 940 1200 978 δεῖ
1235 938 1420 990 ἱστορίαν
1455 937 1627 989 συγγρά-

228 1011 338 1048 φειν,
369 998 528 1035 libenter
555 998 738 1035 concedet.
792 998 833 1035 In
862 1011 932 1047 quo
962 1003 1053 1050 (cap.
1076 1001 1244 1049 14-27)
1272 1001 1383 1038 homo
1416 1001 1624 1048 ingeniosus

225 1058 441 1098 facetissime
477 1058 588 1096 illusit
620 1070 740 1097 rerum
776 1059 970 1109 scriptores
998 1062 1122 1111 quales
1161 1074 1227 1100 suo
1255 1067 1421 1111 tempore
1449 1065 1624 1106 extarent,

226 1121 377 1157 miseros
404 1120 485 1156 illos
523 1120 695 1156 Herodoti
730 1121 950 1169 Thucydidis
984 1122 1237 1171 Xenophontis
1275 1123 1532 1165 aemulatores,
1562 1122 1625 1170 qui

226 1192 306 1217 cum
341 1179 478 1228 antiqui
512 1180 685 1228 temporis
719 1180 932 1229 sapientiam
969 1183 1223 1232 scribendique
1257 1187 1373 1220 artem
1402 1182 1472 1219 sibi
1499 1193 1625 1231 parare

226 1251 299 1277 non
328 1245 490 1288 possent,
520 1241 561 1277 ad
583 1241 750 1288 pusillam
770 1242 965 1279 verborum
985 1243 1227 1281 imitationem
1249 1245 1487 1292 confugerent
1506 1254 1624 1291 neque

224 1300 400 1336 haberent
428 1312 499 1348 quo
528 1301 744 1337 tenuitatem
767 1312 869 1338 suam
898 1302 1113 1351 obtegerent
1142 1304 1210 1341 nisi
1239 1309 1403 1340 veterum
1433 1308 1622 1340 auctorum

222 1359 385 1396 frustulis
418 1360 578 1408 undique
613 1361 835 1409 conquisitis.
892 1362 997 1400 Nunc
1033 1363 1253 1408 Homerum,
1282 1375 1380 1401 nunc
1416 1362 1624 1401 comoediae

223 1420 437 1468 scriptorem,
472 1431 571 1457 nunc
598 1421 825 1459 Herodotum
861 1423 994 1460 aliosve
1021 1424 1273 1469 imitabantur,
1303 1431 1338 1461 et
1365 1425 1460 1461 hanc
1488 1423 1623 1460 molem

223 1480 383 1529 undique
402 1481 588 1519 collectam
607 1486 780 1530 tanquam
810 1483 953 1531 pristini
982 1485 1113 1523 coloris
1140 1486 1284 1534 plenam
1313 1485 1508 1523 lectoribus
1536 1495 1623 1532 pro-

221 1540 416 1588 ponebant.

324 1600 377 1637 Ex
404 1601 535 1649 quibus
569 1601 781 1649 intelligitur
807 1602 979 1640 Herodoti
1016 1604 1129 1641 libros
1166 1609 1331 1654 tempore
1358 1605 1420 1642 illo
1449 1616 1467 1641 a
1496 1604 1621 1642 multis

221 1671 295 1697 non
331 1662 448 1698 solum
483 1662 596 1698 lectos
626 1674 726 1705 esse,
767 1663 830 1699 sed
859 1664 967 1700 etiam
997 1666 1044 1701 ita
1073 1665 1257 1713 probatos,
1287 1671 1327 1702 ut
1354 1665 1549 1702 nonnullos
1578 1664 1621 1701 ad

218 1720 465 1758 imitationem
494 1721 699 1765 incitarent,
729 1734 811 1759 cum
841 1723 977 1760 interea
1006 1725 1049 1761 ab
1077 1725 1154 1762 aliis
1185 1726 1237 1761 vel
1267 1736 1341 1762 non
1362 1724 1617 1773 probarentur,

217 1781 272 1817 vel
300 1780 407 1818 etiam
444 1780 757 1829 impugnarentur.
813 1782 902 1820 Illud
937 1783 1100 1822 videmus
1133 1784 1170 1821 in
1205 1784 1305 1821 libris
1344 1784 1528 1833 Polyaeni,
1559 1784 1622 1831 qui

219 1841 387 1888 quotiens
416 1841 641 1878 Herodotum
677 1843 907 1892 exscripserit
942 1844 1029 1881 satis
1059 1851 1188 1882 notum
1217 1851 1294 1890 est3
1322 1846 1390 1881 hoc
1417 1844 1617 1881 illustratur

223 1901 385 1949 exemplo
424 1901 533 1938 libelli
568 1902 791 1947 Plutarchei,
827 1903 889 1951 qui
922 1904 1134 1942 inscribitur
1160 1904 1256 1954 περὶ
1289 1904 1357 1954 τῆς
1395 1900 1615 1954 Ἡροδότου

217 1961 474 2010 κακοηθείας.

320 2020 413 2057 Vixit
435 2026 556 2058 autem
577 2022 846 2060 Antoninorum
867 2034 1013 2072 quoque
1033 2024 1257 2072 temporibus
1278 2024 1485 2068 Pausanias,
1506 2034 1615 2072 quem

216 2092 258 2116 ex
287 2081 387 2130 Syria
414 2082 560 2130 quidem
590 2083 785 2120 oriundum
797 2082 839 2129 1),
868 2084 930 2120 sed
958 2084 1066 2132 longo
1094 2084 1224 2121 itinere
1251 2095 1317 2133 per
1345 2084 1483 2121 Italiam
1505 2084 1618 2121 Grae-

300 2195 325 2233 1)
348 2194 423 2226 Fuit
452 2195 532 2226 enim
555 2195 775 2235 Damaseenus,
804 2196 842 2227 cf.
867 2197 904 2228 A.
929 2197 1151 2229 Westermaun
1174 2198 1205 2228 in
1229 2197 1431 2229 Fleckeiseni
1454 2199 1618 2229 annalibus

216 2244 307 2283 1839,
329 2255 357 2285 p.
376 2245 414 2275 26
430 2255 493 2286 sqq.
522 2246 732 2286 Cappadocem
755 2246 938 2278 Pausaniam
969 2257 1037 2278 esse
1066 2247 1234 2278 voluerunt
1257 2248 1447 2288 Sylburgius
1480 2258 1535 2278 nec
1559 2258 1619 2278 non

213 2293 405 2326 Schubartus
428 2296 488 2335 (ed.
512 2297 583 2327 mai.
607 2296 643 2327 ΙΙ.
668 2297 803 2337 epistola
825 2298 936 2328 critica
958 2299 996 2329 ad
1019 2297 1211 2337 Walzium),
1234 2299 1285 2339 qui
1309 2299 1440 2329 eundum
1465 2308 1534 2330 eum
1550 2308 1619 2330 esse

214 2347 374 2377 contendit
407 2357 475 2377 cum
509 2347 649 2387 sophista
682 2347 734 2386 (cf.
764 2348 914 2379 Philostr.
952 2349 1009 2379 vit.
1039 2349 1124 2389 soph.
1158 2348 1193 2379 11.
1221 2350 1268 2387 13)
1302 2359 1400 2389 neque
1436 2350 1620 2389 repudiavit

212 2393 360 2426 Palmerii
383 2396 595 2427 coniecturam
624 2396 889 2436 infelicissimam,
923 2407 981 2439 qua
1004 2407 1020 2428 e
1042 2398 1254 2437 Damasceno,
1286 2403 1322 2429 ut
1350 2399 1396 2430 ait
1424 2399 1621 2430 Constantia.

212 2444 406 2487 Porphyrog.
430 2448 522 2478 them.
545 2447 566 2479 Ι.
591 2448 620 2487 2,
646 2448 833 2480 Mazacenus
856 2449 875 2479 i.
899 2458 924 2480 e.
948 2449 1171 2480 Caesareensis
1194 2449 1238 2480 fit.
1262 2449 1397 2481 Siebelis
1419 2451 1478 2488 (ed.
1502 2450 1573 2481 mai.
1597 2449 1619 2481 Ι.

211 2495 425 2535 p.1v-vl11.
469 2498 550 2529 Hall.
583 2498 704 2540 encycl.
732 2498 781 2530 Ill.
812 2500 860 2538 14,
896 2509 923 2539 p.
948 2499 1009 2530 276
1044 2500 1122 2539 sqq.)
1169 2499 1288 2539 Lydum
1322 2501 1520 2532 existimavit
1549 2510 1618 2531 esse

211 2546 416 2586 periegetam,
440 2552 544 2579 natum
568 2549 599 2579 in
622 2548 784 2588 Magnesia
807 2549 843 2580 ad
867 2549 1010 2591 Sipylum
1033 2549 1106 2588 sita,
1129 2550 1184 2581 sed
1207 2559 1282 2590 quas
1305 2550 1397 2581 affert
1420 2560 1534 2582 causae
1558 2561 1618 2581 non

212 2595 273 2626 nisi
297 2606 365 2628 eum
389 2598 420 2628 in
445 2598 502 2629 illa
526 2599 621 2630 Asiae
645 2600 772 2638 regione
797 2600 916 2631 diutius
939 2605 1100 2632 versatum
1125 2610 1194 2631 esse
1218 2601 1397 2632 ostendunt.
