1811 2933
799 108 1041 165 5-9-

215 218 278 265 qui
317 216 375 252 111.
409 216 455 252 19
489 228 508 253 a
538 216 713 263 Cambyse
748 216 940 252 Persarum
975 226 1059 262 rege
1096 216 1223 251 missos
1258 226 1337 251 esse
1375 214 1620 261 speculatores

213 277 251 314 in
270 274 489 324 Aethiopum
518 275 609 313 fines
639 275 777 312 dixerat
795 274 1144 323 Ichthyophagorum
1166 271 1317 323 ἄνδρας
1334 271 1427 317 τοὺς
1445 269 1619 311 ἐπιστα-

213 337 357 386 μένους
392 334 464 385 τήν
496 333 742 374 Αἰθιοπίδα
774 333 977 382 γλῶσσαν,
1012 334 1101 372 haec
1127 334 1232 372 verba
1261 334 1302 371 ad
1333 335 1485 371 alterum
1516 333 1617 370 illum

214 397 355 433 fontem
410 394 574 442 ignotum
620 394 811 431 referenda
858 395 1045 440 videntur3
1100 394 1294 442 Aethiopes
1342 399 1461 431 tamen
1508 405 1618 443 supra

211 455 475 504 Elephantinen
516 455 567 501 (id
608 456 704 503 quod
746 455 840 491 idem
883 461 948 498 est,
992 467 1032 491 ac
1065 455 1095 491 si
1134 455 1250 503 Syene
1285 460 1380 491 esset
1414 454 1617 501 nominata)

210 516 413 554 habitantes
441 516 549 552 etiam
578 516 673 563 apud
701 516 922 552 Herodotum
943 516 1002 562 (ΙΙ.
1024 515 1089 562 29)
1116 516 1211 552 inter
1238 520 1366 563 gentes
1386 515 1616 563 Aethiopicas

212 576 393 614 numerari
428 586 513 613 sane
551 576 701 622 dignum
739 580 795 613 est
829 576 925 624 quod
954 575 1271 612 animadvertatur.
1314 572 1353 612 οἳ
1382 573 1427 612 δὲ
1455 573 1617 612 δικαιό-

210 649 325 674 τατοι
374 633 541 685 Μερόην
587 633 711 673 πόλιν
750 635 819 673 καὶ
865 635 1011 673 πεδίον
1060 634 1325 673 Αἰθιοπικὸν
1370 633 1618 684 καλούμενον

211 696 409 734 οἰκοῦσιν·
445 690 559 733 οὗτοι
592 695 660 732 καὶ
697 694 766 745 τήν
798 693 913 746 ἡλίου
941 694 1144 746 τράπεζάν
1172 696 1278 732 εἰσιν
1306 692 1345 732 οἳ
1374 691 1615 740 δεικνύντες,

211 752 308 794 οὗδέ
340 764 487 805 σφισιν
522 754 633 793 ἔστιν
669 753 758 794 οὔτε
791 753 987 793 θάλασσα
1026 753 1116 793 οὔτε
1150 753 1333 804 ποταμὸς
1367 752 1488 799 ἄλλος
1519 768 1564 802 γε
1592 752 1616 805 ἢ

212 815 368 860 Νεῖλος.
423 817 473 852 Ac
505 816 664 864 primum
703 816 849 864 quidem
891 817 959 852 hoc
985 817 1062 853 loco
1091 816 1280 853 confundit
1309 816 1502 853 Pausanias
1530 827 1613 852 cum

209 875 346 913 Meroes
375 875 502 912 incolis
532 886 593 912 eos
623 887 715 923 quos
736 875 829 912 Solis
858 874 1017 912 tabulam
1046 876 1236 912 ostendere
1264 875 1301 911 in
1322 875 1502 912 Herodoto
1530 876 1615 922 legit

208 935 427 980 Macrobios3
460 936 664 973 Herodotus
707 936 804 972 enim
845 936 932 973 duas
970 936 1129 984 primum
1170 936 1385 984 Aethiopum
1428 936 1616 984 distinguit

209 1002 349 1044 gentes,
363 995 558 1043 Aethiopes
580 996 818 1032 occidentales
838 1001 947 1044 atque
962 996 1164 1039 orientales,
1185 1007 1340 1044 quorum
1357 997 1424 1033 hos
1440 997 1613 1033 ludorum

208 1056 380 1092 finitimos
417 1055 456 1091 in
485 1055 681 1092 Gedrosiae
717 1056 793 1093 fere
824 1057 970 1103 regione
997 1056 1160 1092 habitare
1188 1056 1352 1103 eredit⁷)‚
1387 1056 1465 1092 illos
1493 1062 1614 1093 autem

208 1123 340 1154 terram
362 1119 524 1165 Aegypto
554 1116 735 1154 confinem
758 1117 811 1154 vel
832 1117 962 1166 Libyae
981 1122 1120 1166 partem
1142 1117 1417 1153 meridionalem
1438 1116 1613 1160 incolere3

207 1177 422 1225 Libycorum
465 1187 597 1223 genera
648 1181 817 1224 quattuor
868 1183 1128 1214 commemorat
1169 1177 1403 1224 Aethiopum:
1450 1177 1616 1213 homines

208 1248 338 1285 pascua
368 1242 603 1285 peragrantes
632 1237 682 1273 ait
709 1236 873 1274 habitare
892 1237 1083 1275 dimidium
1103 1238 1241 1274 insulae
1261 1237 1488 1286 Tachempso
1507 1247 1614 1285 supra

209 1298 474 1346 Elephantinen
502 1295 629 1346 sitaess)
659 1299 717 1343 (de
744 1298 788 1335 iis
815 1299 885 1336 iam
907 1299 1043 1336 dictum
1065 1299 1155 1347 est);
1183 1311 1201 1335 a
1222 1298 1352 1347 quibus
1373 1298 1520 1335 differre
1540 1309 1614 1341 eos,

206 1370 360 1406 quorum
392 1359 476 1396 urbs
504 1359 626 1395 Meroe
655 1363 763 1406 caput
790 1359 847 1402 sit,
878 1370 946 1396 nec
975 1371 1049 1397 non
1077 1360 1180 1403 istos,
1219 1359 1281 1407 qui
1310 1358 1477 1395 homines
1506 1370 1613 1407 parva

207 1420 368 1468 corporis
401 1426 537 1457 statura
566 1420 754 1467 regionem
783 1419 826 1456 ab
857 1420 937 1457 Nilo
966 1421 1074 1457 fluvio
1103 1420 1365 1457 occidentalem
1394 1419 1613 1466 habitent⁹);

205 1480 276 1517 iam
310 1481 439 1530 reliqui
473 1485 560 1518 sunt
594 1491 686 1528 quos
722 1479 920 1518 Macrobioe
955 1487 1058 1519 vocat
1085 1480 1251 1529 Solisque
1284 1480 1442 1517 tabulam
1481 1479 1614 1517 habere

207 1540 311 1586 dicit3
339 1553 431 1589 quos
460 1554 542 1579 cum
573 1542 774 1579 Herodotus
804 1542 1077 1580 meridionalem
1106 1543 1236 1591 Libyae
1265 1553 1364 1579 oram
1393 1542 1554 1579 habitare
1569 1540 1612 1587 ¹⁰)

207 1601 445 1649 omniumque
484 1607 664 1638 terrarum
708 1602 870 1639 ultimam
915 1602 957 1639 ad
1001 1603 1162 1640 Africum
1204 1601 1406 1645 ventumu)
1453 1601 1613 1638 incolere

206 1661 334 1705 tradat,
362 1662 567 1710 negandum
598 1666 651 1699 est
680 1662 826 1699 eosdem
857 1674 917 1699 eos
947 1674 1027 1699 esse
1055 1668 1164 1711 atque
1193 1674 1254 1699 eos
1283 1662 1343 1711 qui
1368 1661 1515 1698 Meroen
1545 1661 1610 1698 ob-

205 1721 377 1758 tinebant.
433 1722 551 1765 Quare
579 1734 660 1758 cum
690 1722 785 1758 Solis
813 1722 971 1758 tabulam
999 1722 1137 1759 Meroes
1165 1723 1293 1759 incolis
1320 1722 1507 1763 tribueret,
1546 1732 1613 1757 ne-

205 1780 358 1828 glexisse
386 1781 600 1819 Pausaniam
630 1793 668 1819 ea
698 1793 791 1831 quae
820 1782 914 1831 apud
943 1782 1044 1819 illum
1072 1782 1114 1819 Il.
1146 1783 1217 1819 114
1246 1782 1415 1819 dicuutur
1443 1786 1610 1829 apertum

206 1846 277 1885 est;
316 1841 433 1889 ipsam
471 1842 565 1879 Solis
603 1842 760 1879 tabulam
804 1844 892 1890 quin
929 1854 971 1878 ex
1006 1843 1190 1879 Herodoto
1224 1842 1420 1890 sumpserit
1456 1842 1612 1879 dubitari

206 1901 350 1949 nequit3
382 1913 501 1951 neque
529 1903 624 1940 enim
656 1902 849 1951 quisquam
879 1908 1022 1951 praeter
1050 1903 1206 1950 hunc12)
1241 1903 1284 1939 de
1313 1903 1369 1951 pia
1399 1902 1457 1940 illa
1487 1902 1612 1939 fraude

206 1961 310 1999 verba
347 1962 445 2005 fecit,
482 1969 517 2001 et
551 1964 630 2012 ipse
658 1963 853 2001 Pausanias
889 1975 990 2001 more
1024 1964 1084 2001 illo
1122 1964 1270 2011 antiquo
1297 1973 1518 2011 magnopere
1546 1963 1609 1999 de-

205 2022 356 2060 lectatus
385 2024 468 2061 alibi
496 2025 543 2062 ita
572 2025 738 2073 repetivit
766 2024 842 2061 eius
871 2024 1094 2067 memoriam,
1125 2029 1165 2060 ut
1182 2024 1359 2061 Herodoti
1387 2024 1493 2060 verba
1521 2035 1611 2073 sup-

289 2184 311 2223 ⁷)
334 2185 386 2216 Sic
409 2187 481 2217 inde
503 2187 540 2217 ab
564 2188 693 2217 Homero
716 2187 895 2217 discernere
918 2186 1057 2216 homines
1083 2191 1323 2217 consueverunt.

287 2234 300 2254 ⁸
336 2236 408 2267 Her.
427 2236 461 2267 ΙΙ.
479 2238 518 2267 29
593 2260 600 2267 .

287 2236 312 2325 ⁹3
337 2287 408 2318 Her.
425 2287 460 2318 11.
478 2288 527 2326 32,
536 2247 597 2318 stillili
612 2287 820 2318 Nasamonum
837 2287 1025 2326 quorundam
1047 2287 1277 2327 expeditionem
1294 2291 1422 2317 enarrat
1436 2287 1468 2317 in
1484 2287 1610 2317 deserta

205 2332 322 2375 Libyae
344 2335 457 2367 factam
479 2338 517 2368 ad
542 2337 607 2369 Nili
630 2335 733 2368 fontes
758 2337 974 2377 explorandos.

287 2384 326 2422 ¹⁰)
352 2386 422 2416 Her.
438 2386 475 2417 Il.
497 2388 543 2417 17.

285 2434 325 2474 ¹¹)
348 2436 419 2466 Her.
441 2436 476 2467 II.
501 2437 568 2468 114.
604 2434 867 2477 ἀποκλινομένης
897 2434 932 2466 δὲ
953 2437 1162 2478 μεσαμβρίης
1191 2431 1337 2477 παρήκει
1359 2433 1447 2476 πρὸς
1468 2431 1610 2468 δύνοντα

204 2478 299 2520 ἣλιον
326 2482 345 2524 ἡ
367 2486 542 2525 Αἰθιοπίη
565 2481 661 2529 χώρη
690 2483 817 2527 ἐσχάτη
839 2486 906 2518 τῶν
929 2484 1158 2527 οἰκεομενέων.
1196 2495 1273 2526 quae
1296 2490 1469 2527 sequuntur
1491 2487 1610 2518 docent

204 2532 382 2566 Macrobius
405 2545 475 2566 esse
498 2536 728 2574 intelligendos.

287 2583 328 2622 ¹²)
351 2585 422 2616 Her.
438 2585 485 2616 nl.
509 2586 650 2624 17—-193
674 2586 723 2616 23.
