1811 2933
781 120 1054 159 „26-

320 229 562 278 Parapotamii
605 241 677 277 quo
720 229 798 266 loco
841 229 1027 266 stetissent
1069 240 1176 266 nemo
1220 240 1303 266 cum
1346 233 1471 277 posset
1498 233 1623 266 osten-

213 290 370 336 dere³⁶)‚
419 292 568 327 fuerunt
600 290 663 338 qui
711 290 887 338 oppidum
935 289 1047 326 fuisse
1089 295 1265 336 negarent
1311 300 1377 326 nec
1424 288 1623 326 Homerum

214 352 256 397 (B
286 350 380 398 522)
409 350 505 387 aliud
536 350 735 398 quidquam
774 361 883 397 quam
904 350 1094 397 ,agricolas
1136 350 1179 385 ad
1209 349 1351 397 Cephisi
1390 348 1488 396 ripas
1521 348 1623 384 habi-

213 415 345 453 tantes,
376 410 483 447 nullis
511 415 633 447 antem
662 409 816 447 civitatis
846 406 1005 460 (δήμου)
1040 409 1191 446 vinculis
1220 413 1364 446 coactos
1400 408 1625 456 significasse

210 468 279 518 'pro
325 477 424 507 certo
453 471 693 506 affirmarent.
748 469 890 514 Quibus
933 470 1023 506 duas
1066 470 1216 518 opponit
1255 480 1379 506 causas
1409 468 1622 505 Pausanias:

211 531 392 578 primum,
432 527 496 567 ὅτι
525 526 897 579 ,Ἀμφικτύονες
936 528 1115 567 Πύθια
1148 526 1402 566 ἐτίθεσαν
1430 527 1624 577 πρῶτον

213 590 294 627 καὶ
340 587 568 640 Αἰχμέας
616 587 1016 640 Παραποτάμιος
1059 588 1258 639 πυγμὴν
1306 588 1532 640 ἐνίκησεν
1572 587 1624 626 ἓν

212 652 418 688 παισίν.*

317 712 415 747 Haec
443 709 562 753 verba,
592 721 685 758 quae
714 710 872 747 chronici
903 710 1012 747 modo
1041 721 1101 747 res
1130 716 1314 759 enarrant,
1352 723 1395 748 ex
1428 710 1622 747 chronolo-

211 772 289 820 gico
326 771 486 820 quodam
521 773 623 808 fonte
658 771 786 808 hausta
830 782 910 808 esse
951 777 1111 819 apparet.
1180 772 1274 810 Tum
1317 771 1491 809 Herodoti
1530 770 1623 807 facta

211 832 411 875 mentione,
442 832 502 880 qui
531 832 628 868 inter
656 831 786 880 oppida
816 831 861 868 ab
890 831 1009 868 Xerxe
1037 832 1152 869 deleta
1178 832 1449 881 Parapotamios
1476 842 1622 880 quoque

210 893 374 936 referret,
417 892 516 928 addit
557 892 714 939 scriptor
754 897 881 940 postea
916 892 1045 928 urbem
1084 892 1256 930 refectam
1293 903 1368 929 non
1397 905 1495 937 esse,
1537 903 1621 928 cum

210 954 453 990 Athenienses
482 954 684 1001 Boeotique
713 953 853 1001 argenti
882 953 1034 1001 penuria
1063 954 1174 990 coacti
1204 954 1398 991 restituere
1418 952 1622 989 noluissent

211 1014 454 1062 hominesque
503 1013 540 1050 in
582 1013 740 1061 singulas
783 1013 952 1050 Phocidis
996 1013 1103 1051 urbes
1145 1014 1426 1051 distribuissent.
1496 1013 1621 1060 ltaque

211 1080 293 1122 post
333 1075 468 1111 bellum
513 1075 709 1111 Persarum
761 1074 1003 1121 Parapotamii
1047 1074 1132 1110 urbs
1176 1085 1250 1111 non
1291 1073 1386 1111 fuit?
1455 1074 1500 1110 At
1541 1072 1621 1107 vide

210 1147 302 1183 quae
334 1135 432 1171 idem
461 1134 656 1171 Pausanias
689 1134 727 1170 in
762 1133 932 1171 historica
968 1135 1177 1172 narratione
1206 1134 1262 1182 (X.
1286 1135 1320 1174 3,
1342 1134 1364 1171 2
1394 1134 1464 1182 sq.)
1494 1132 1619 1170 tradit:

210 1194 277 1231 καὶ
307 1194 347 1238 ἐς
389 1194 542 1243 ἔδαφος
584 1192 758 1230 ἁλοῦσαι
793 1192 1107 1244 κατεβλήθησαν
1142 1195 1222 1232 τῶν
1259 1195 1434 1231 Φωκέων
1468 1191 1511 1229 αἶ
1541 1189 1620 1228 πό-

209 1253 309 1299 λεις·
340 1251 522 1304 ἀριθμὸς
550 1252 596 1291 δὲ
624 1249 672 1303 ἦν
700 1249 833 1291 αὐτῶν
871 1252 1031 1291 Λίλαια
1070 1253 1188 1292 καὶ..
1207 1282 1216 1292 .
1236 1282 1244 1292 .
1273 1253 1355 1291 καὶ
1386 1257 1620 1303 Παραπο-

208 1315 390 1364 τάμιοι
420 1314 488 1351 καὶ
506 1343 513 1351 .
532 1343 540 1351 .
559 1343 566 1351 .
585 1342 594 1351 .
623 1313 777 1351 τούτων
804 1314 879 1361 μὲν
907 1313 957 1363 δὴ
987 1312 1117 1364 ὄνομα
1151 1312 1200 1364 ἦν
1228 1314 1271 1351 ἐκ
1300 1314 1497 1358 παλαιοῦ,
1536 1312 1619 1349 καὶ

210 1373 295 1422 οὐχ
323 1372 503 1426 ἥκιστα
538 1374 669 1413 ἐπῶν
705 1376 846 1412 ἕνεκα
879 1375 974 1412 τῶν
998 1371 1231 1425 Ὁμήρου·
1267 1374 1351 1419 τὰς
1379 1373 1432 1412 δὲ
1461 1371 1620 1412 αὐτῶν

205 1433 228 1485 ἡ
258 1435 468 1484 στρατιὰ
510 1430 932 1485 καταπρήσασαὴ
970 1434 1093 1484 μετὰ
1128 1434 1315 1485 Ξέρξου
1356 1447 1620 1485 γνωριμω-

205 1496 345 1544 τέρας
375 1494 423 1539 ἒς
459 1494 508 1532 τὸ
536 1493 818 1544 Ἑλληνικὸν
854 1491 1118 1544 ἐποίησεν,
1158 1491 1333 1544 Ἐρωχὸν
1372 1495 1439 1532 καὶ
1476 1491 1618 1544 Χαρά-

205 1554 308 1603 δραν
335 1554 404 1592 καὶ
428 1552 696 1605 Ἀμφίκλειαν
724 1554 791 1591 καὶ
814 1554 957 1592 Νεῶνα
987 1554 1054 1591 καὶ
1080 1552 1316 1604 Τιθρώνιον
1343 1554 1410 1592 καὶ
1434 1555 1619 1605 Δρυμαί-

205 1628 273 1653 αν·
304 1614 347 1652 αἶ
376 1615 421 1653 δὲ
451 1613 569 1652 ἄλλαι
580 1620 595 1652 ’.
613 1643 621 1652 .
640 1643 648 1652 .
667 1644 673 1651 .
691 1614 741 1652 τὰ
770 1613 950 1664 πρότερα
979 1612 1050 1653 οὐκ
1078 1614 1296 1664 ἐπιφανεῖς
1315 1613 1433 1664 ἦσαν,
1468 1616 1619 1663 Τραχίς

204 1690 246 1713 τε
265 1704 273 1712 .
291 1704 299 1712 .
318 1703 326 1712 .
345 1704 352 1712 .
383 1675 450 1712 καὶ
480 1677 638 1723 Στεῖρις
655 1688 663 1696 ·
689 1673 780 1712 τότε
821 1674 867 1712 δὲ
913 1674 982 1720 [Ol.
1015 1676 1100 1715 108,
1132 1677 1149 1712 1
1167 1674 1326 1725 =348]
1365 1673 1619 1725 κατεσκάφη-

205 1735 283 1776 σάν
320 1752 363 1775 τε
397 1734 441 1774 αἳ
477 1735 806 1787 κατειλεγμέναι,
842 1736 922 1774 καὶ
952 1735 999 1781 ἐς
1027 1734 1194 1787 κώμας
1222 1735 1329 1787 πλὴν
1347 1735 1472 1786 ’Ἀβας
1501 1733 1617 1788 ᾥκί-

205 1801 402 1847 σθησαν
431 1796 484 1834 αἱ
520 1796 808 1835 ἄλλαι·....
839 1796 931 1834 ἀνὰ
957 1794 1135 1847 χρόνον
1163 1800 1337 1846 μέντοι
1367 1804 1471 1841 τοῖς
1508 1799 1617 1835 Φω-

204 1859 369 1896 κεῦσιν
398 1856 449 1895 αἱ
478 1853 667 1903 πόλεις
696 1855 1051 1909 ἀνῳκίσθησαν
1078 1858 1157 1896 καὶ
1187 1857 1233 1903 ἐς
1261 1857 1343 1903 τὰς
1371 1857 1619 1909 πατρίδας

204 1919 535 1970 κατήχθησαν
586 1918 637 1955 ἐκ
678 1919 772 1956 τῶν
821 1919 1018 1968 κωμῶν,
1070 1919 1199 1971 πλὴν
1233 1919 1277 1955 εἰ
1310 1918 1369 1969 μὴ
1412 1917 1618 1956 οἷνοικι-

204 1980 397 2030 σθῆναί
427 1992 565 2023 τινας
594 1977 836 2017 ἐκώλυσεν
878 1977 1126 2017 ἀσθένειά
1154 1992 1203 2018 τε
1231 1978 1255 2031 ἦ
1283 1979 1336 2024 ἐξ
1363 1977 1508 2030 ἀρχῆς
1536 1978 1617 2016 καὶ

288 2091 327 2130 ³⁶)
352 2091 437 2120 Bello
467 2100 557 2120 sacro
582 2091 726 2130 oppidum
749 2092 886 2121 deletum
910 2096 978 2121 erat
1001 2101 1017 2121 a
1042 2090 1205 2131 Philippo,
1236 2092 1266 2121 id
1290 2092 1369 2131 quod
1392 2090 1561 2122 Pausanias
1584 2092 1616 2121 in

203 2140 289 2171 fonte
314 2150 369 2170 suo
394 2141 546 2170 historico
560 2140 696 2178 invenit,
720 2140 758 2171 cf.
776 2141 816 2171 X.
842 2141 871 2180 3,
891 2142 924 2178 23
948 2145 1114 2181 praeterea
1137 2145 1281 2182 tanquam
1305 2142 1412 2172 urbem
1436 2151 1618 2172 commemo-

204 2196 275 2222 rant
298 2191 410 2222 Strabo
434 2191 488 2222 lX.
506 2192 566 2221 407
597 2191 650 2230 (ex
673 2191 896 2231 Apollodoro);
924 2193 1002 2230 4163
1027 2193 1088 2222 424
1112 2197 1145 2222 et
1167 2192 1272 2232 Steph.
1298 2192 1371 2233 Byz.
1396 2202 1425 2222 v.
1449 2194 1617 2235 Παραπο-

201 2244 316 2283 mpla.
362 2242 549 2271 Plutarchus
573 2241 665 2280 (Sull.
689 2241 738 2282 16)
762 2252 828 2272 cum
854 2242 975 2272 diceret
998 2242 1121 2282 quidem
1144 2252 1204 2282 quo
1221 2242 1291 2272 loco
1308 2242 1436 2272 steterit
1451 2242 1537 2276 urbs,
1562 2243 1616 2272 sed

203 2293 310 2323 Sullae
334 2301 400 2322 eam
424 2296 528 2322 aetate
551 2292 612 2323 iam
636 2302 695 2322 non
720 2293 869 2323 extitisse
894 2291 1076 2331 affirmaret,
1100 2293 1242 2332 sequitur
1263 2297 1334 2333 post
1356 2292 1471 2323 bellum
1495 2301 1617 2323 sacrum

204 2354 269 2375 eam
294 2342 444 2373 refectam
468 2353 528 2373 uon
553 2352 632 2373 esse.
670 2343 774 2382 Quare
799 2343 893 2373 facile
916 2344 1108 2380 declaratur,
1131 2353 1185 2373 cur
1206 2343 1333 2374 Homeri
1357 2347 1618 2373 commentatores

203 2394 259 2423 alii
283 2393 381 2423 fuisse
404 2393 511 2422 urbem
528 2393 764 2431 Parapotamios
789 2393 1018 2430 contenderint,
1041 2392 1229 2431 negaverint
1250 2393 1317 2430 alii,
1340 2391 1379 2422 cf.
1397 2393 1483 2422 schol
1508 2394 1540 2422 Β
1556 2391 1616 2421 522

203 2443 251 2480 (οἵ
281 2442 306 2473 τ’
343 2440 409 2483 ἄρα
443 2440 515 2483 πὰρ
549 2440 708 2484 ποταμὸν
741 2440 906 2485 Κηφισὸν
933 2441 1010 2474 δῖον
1038 2442 1162 2481 ἔναιον]
1195 2442 1272 2473 Ven.
1298 2443 1338 2473 A:
1373 2432 1464 2473 οὗτοι
1484 2439 1617 2480 Ἐπικη-

203 2496 314 2535 φίσιοι
337 2493 499 2533 λέγονται,
521 2490 599 2523 ὑπὸ
623 2492 668 2524 δέ
687 2504 814 2525 τινων
835 2490 1185 2534 Παραποτάμιοι.
1230 2493 1308 2524 Ven.
1333 2493 1369 2522 B:
1395 2492 1430 2522 οἵ
1452 2492 1509 2532 <al
1529 2490 1614 2530 cod.)

202 2542 366 2583 ποτάμιοι
401 2543 440 2582 <1.
477 2540 752 2585 παραποτάμιοι>
789 2543 985 2574 καλοῦνται·
1020 2542 1115 2573 τοῦτο
1148 2542 1183 2573 δὲ
1210 2540 1246 2572 τὸ
1278 2540 1387 2583 ὄνομα
1414 2542 1525 2583 μέτρῳ
1554 2538 1617 2581 οὐχ

203 2590 402 2631 ὑπόκειται).
