1811 2933
786 104 1030 155 -6-ν

204 211 369 261 ciamque
397 213 604 260 profectum
634 218 731 251 certe
751 213 794 250 ab
823 212 951 250 aetatis
979 213 1036 250 sui
1066 212 1200 250 studiis
1221 224 1296 250 non
1317 212 1473 250 alienum
1500 213 1614 251 fuisse

205 272 344 309 credas.
398 272 445 309 Et
477 272 630 309 fuerunt
670 275 847 321 profecto,
881 274 943 322 qui
981 285 1064 311 eum
1101 285 1248 322 quoque
1286 274 1458 311 Herodoti
1498 274 1614 312 fuisse

204 332 352 369 simium
363 332 394 380 ²)
422 332 697 377 contenderent,
727 333 935 382 Sylburgius
964 334 1155 382 praecipue
1189 339 1225 370 et
1252 334 1548 379 Valckenaerius,
1578 340 1614 371 et

204 393 267 441 qui
295 393 434 441 primus
461 393 643 441 copiosius
662 393 707 429 de
726 393 926 431 imitatione
945 394 1049 431 verba
1078 394 1161 431 fecit
1182 392 1392 431 Si'ebelisius
1412 394 1483 441 (ed.
1502 394 1613 443 mai.).

204 452 383 490 Siebelisii
419 452 728 501 comparationem
761 454 800 490 in
836 453 1114 491 adnotationum
1150 453 1383 491 multitudine
1411 454 1611 502 dispersam

205 518 242 550 et
279 517 455 562 tanquam
492 513 669 550 occultam
698 513 889 562 diligenter
917 514 1122 562 composuit
1156 513 1354 562 multisque
1382 514 1487 551 novis
1515 515 1615 553 auxit

206 574 246 611 Ο.
277 574 484 611 Pfundtner
511 573 723 621 (Pausanias
759 574 937 623 periegeta
972 574 1134 612 imitator
1162 574 1349 612 Herodoti.
1380 575 1465 612 diss.
1493 575 1612 625 inaug.

205 635 413 683 Regimont.
445 634 581 683 1866);
616 635 677 683 qui
716 636 879 684 quamvis
913 646 1178 684 nonnunquam
1217 636 1307 672 mihi
1341 636 1379 672 in
1413 636 1615 674 imitatione

206 695 478 745 pervestiganda
507 695 643 733 nimius
672 707 751 733 esse
779 696 995 743 videam-³),
1024 701 1145 734 tamen
1173 695 1222 734 ita
1247 708 1326 734 rem
1347 697 1546 746 explicavit,
1574 703 1614 735 ut

208 757 251 794 de
279 769 319 794 ea
350 756 506 793 dubitari
534 756 592 793 vix
619 762 755 805 posset.

312 817 384 854 Sed
413 827 488 854 non
515 817 636 854 solum
671 817 834 855 imitatus
871 823 926 855 est
954 817 1150 855 Pausanias
1188 817 1361 854 orationis
1388 818 1614 856 Herodoteae

207 880 376 920 sormam,
404 888 531 914 verum
561 877 672 914 etiam
701 877 893 926 exscripsit
932 878 1046 915 multa
1082 889 1126 914 ex
1158 877 1270 926 patris
1297 877 1467 915 historiae
1494 879 1615 926 libris3

208 944 356 976 secutus
384 943 440 975 est
468 949 553 975 eum
581 938 795 986 saepissime
823 950 907 976 cum
935 938 974 976 in
995 939 1161 976 universa
1187 938 1369 976 scribendi
1386 939 1525 977 fabulas
1552 952 1616 978 re-

210 999 380 1036 censendi
409 1003 532 1046 partes
555 999 832 1036 Atheniensium
854 1000 983 1047 agendi
999 1000 1151 1044 ratione,
1180 1005 1259 1036 tum
1287 999 1326 1036 in
1350 1000 1500 1047 singulis
1528 1012 1615 1038 nar-

208 1059 432 1103 rationibus3
460 1058 644 1096 interdum
682 1059 715 1096 ei
742 1059 851 1096 etiam
881 1059 1091 1108 obloquitur
1119 1071 1276 1108 eumque
1295 1059 1370 1097 sive
1397 1065 1520 1109 aperte
1538 1061 1615 1098 sive

209 1125 306 1157 tecte
347 1119 566 1166 aggreditur,
607 1141 657 1145 —
693 1131 786 1168 quae
829 1120 953 1157 omnia
994 1120 1197 1157 accuratius
1239 1120 1490 1158 demonstrare
1531 1122 1616 1159 huic

209 1179 329 1216 libello
357 1179 586 1226 propositum
616 1185 684 1215 est.

315 1239 490 1276 Incitatus
518 1250 612 1282 sum,
641 1244 682 1276 ut
708 1240 747 1276 in
774 1239 972 1277 Pausaniae
1001 1239 1122 1277 fontes
1155 1239 1394 1289 inquirerem,
1424 1241 1616 1291 praecique

210 1300 348 1348 egregia
377 1299 530 1336 Udalrici
559 1300 603 1336 de
632 1300 870 1337 Wilamowitz
899 1300 1221 1343 commentatione,
1250 1301 1308 1337 cui
1334 1301 1521 1349 inscripsit
1548 1303 1615 1339 ‘die

211 1360 577 1408 Thulcydidesleqende’
588 1360 630 1408 ⁴).
686 1360 764 1404 Qua
791 1360 830 1397 in
858 1360 1167 1397 commentatione
1194 1359 1249 1396 vir
1276 1360 1509 1398 doctissimus
1541 1362 1615 1410 pri-

210 1434 293 1459 mus
322 1422 366 1458 de
395 1421 569 1459 Pausania
598 1421 648 1458 ita
674 1421 856 1464 iudicavit,
892 1427 934 1459 ut
963 1433 1047 1459 eum
1072 1421 1257 1458 hominem
1278 1421 1452 1459 levissimi
1477 1422 1615 1470 ingenii

211 1494 290 1518 esse
317 1482 463 1525 diceret,
492 1481 553 1529 qui
574 1482 777 1518 attentione
804 1482 941 1518 abiecta
971 1481 1093 1518 omnia
1114 1483 1189 1517 fere
1219 1481 1399 1518 misceret.
1455 1482 1506 1518 Ac
1540 1482 1616 1530 pri-

210 1553 310 1579 mum
341 1542 500 1591 quidem,
529 1548 571 1579 ut
590 1541 871 1579 fundamentum
902 1541 987 1578 satis
1010 1542 1157 1579 firmum
1178 1542 1347 1590 sequenti
1366 1542 1617 1590 disceptationi

208 1603 397 1645 iaciamus,
440 1603 538 1638 locos
568 1613 587 1637 a
615 1601 793 1638 Pausania
826 1601 1000 1638 Herodoti
1043 1602 1189 1638 nomine
1228 1602 1355 1638 citatos
1384 1602 1616 1639 considerare

209 1673 361 1700 necesse
390 1662 542 1700 videtur.

292 1774 319 1811 2)
342 1774 463 1804 Auctor
490 1774 581 1804 huius
610 1772 820 1811 cognominis,
848 1773 927 1812 quod
957 1773 1124 1803 maximam
1146 1771 1318 1802 Pausaniae
1350 1775 1614 1811 propugnatorum

208 1824 363 1855 excitavit
384 1824 472 1863 iram,
496 1823 558 1854 fuit
580 1824 754 1863 Stephanus
779 1823 943 1853 Parisinus
966 1833 991 1853 s.
1008 1833 1038 1853 v.
1057 1819 1158 1860 ὅσον;
1180 1822 1217 1852 ad
1242 1831 1307 1852 rem
1330 1819 1369 1851 cf.
1393 1820 1428 1851 0.
1447 1819 1618 1851 Pfundtner

207 1874 395 1905 ‘Pausanias
419 1874 578 1914 periegeta
601 1874 742 1904 imitator
763 1872 931 1903 Herodoti'
955 1872 1044 1911 (diss.
1069 1873 1171 1910 inaug.
1198 1871 1314 1909 Regim.
1334 1870 1436 1910 1866),
1459 1870 1510 1909 qui
1533 1870 1619 1909 prio-

209 1932 276 1952 rum
308 1932 427 1963 quoque
457 1923 495 1952 do
518 1922 578 1953 ista
603 1922 780 1952 imitatione
802 1921 895 1952 affert
917 1921 1047 1959 iudicia,
1074 1920 1226 1960 imprimis
1248 1919 1473 1951 Valckenaerii
1496 1923 1528 1949 et
1550 1919 1618 1950 Sic-

210 1971 328 2003 belisii.
377 1977 501 2012 praeter
524 1982 594 2003 eum
618 1972 714 2003 velim
738 1970 883 2002 conferas
908 1980 944 2002 ea
965 1981 1041 2012 quae
1065 1971 1171 2001 dicunt
1194 1970 1220 2001 J.
1243 1969 1412 2000 Reichardt
1433 1969 1466 2000 in
1489 1969 1618 2010 ιΡιιιιίρχ,

206 2022 382 2063 reatencycl.
411 2022 440 2052 d.
472 2022 563 2053 class.
593 2022 712 2052 altert'.
758 2032 786 2062 p.
812 2022 892 2052 1258
923 2032 999 2062 sqq„
1028 2021 1099 2052 Chr.
1126 2020 1281 2051 Schubart
1310 2021 1340 2049 in
1373 2019 1430 2050 Th.
1459 2020 1561 2058 Bergk
1588 2024 1619 2050 et

207 2072 234 2101 J.
258 2072 397 2110 Caesar,
426 2071 564 2102 ‘Ztsclm
591 2073 620 2111 f.
644 2070 767 2102 altert’.
817 2071 904 2110 1851,
926 2082 956 2112 p.
972 2071 1034 2102 289
1050 2081 1134 2111 sqq.;
1168 2069 1327 2101 Gustavus
1350 2069 1492 2108 Krueger
1515 2070 1618 2109 (theo-

207 2121 372 2160 logumena
395 2121 579 2153 Pausaniae.
602 2123 677 2153 diss.
699 2122 794 2153 Boun.
822 2122 912 2161 1860)
937 2131 1115 2162 quamquam
1132 2122 1249 2152 acriter
1263 2121 1386 2152 invehit
1402 2120 1434 2151 in
1450 2120 1618 2151 Schubarti

205 2172 421 2211 adversarios,
444 2177 546 2203 tamen
570 2173 649 2203 nihil
673 2171 740 2203 fere
765 2172 858 2203 affert
880 2172 966 2203 novi.

290 2223 318 2260 ⁸)
340 2232 438 2263 neque
466 2223 547 2253 enim
576 2223 655 2253 licet
681 2232 749 2253 eam
772 2222 938 2252 illustrare
961 2222 1093 2261 singulis
1118 2222 1225 2253 verbis
1248 2222 1326 2262 apud
1351 2225 1515 2261 utrumque
1539 2221 1621 2252 scri-

206 2276 326 2312 ptorem
357 2274 505 2313 repertis,
536 2274 637 2304 veluti
667 2272 701 2303 οἱ
728 2282 784 2313 pro
814 2270 903 2312 αὐτῷ
926 2273 1010 2303 aliis.
1055 2272 1215 2303 Scribitur
1237 2272 1315 2302 illud
1339 2271 1372 2302 οἱ
1395 2282 1454 2302 non
1478 2271 1578 2302 solum
1601 2281 1619 2301 a

205 2321 378 2360 Pausania,
413 2323 468 2354 sed
506 2323 599 2353 etiam
629 2333 646 2353 a
671 2322 808 2353 Luciano
839 2322 973 2362 aliisque
998 2323 1087 2353 illius
1110 2323 1226 2353 aetatis
1249 2322 1468 2362 scriptoribus.
1513 2321 1617 2352 Etiam

205 2372 240 2402 Ο.
275 2373 389 2402 Storch
425 2372 610 2414 (syntaxeos
643 2372 817 2403 Pausaniae
857 2372 1013 2412 particula
1054 2373 1165 2412 prima.
1210 2372 1254 2402 De
1288 2371 1494 2403 anacoluthis.
1541 2371 1617 2402 diss.

205 2422 309 2460 inaug.
334 2422 464 2453 Vratisl.
494 2423 584 2460 1869)
615 2422 708 2453 nimis
739 2427 849 2462 argute
875 2422 1081 2453 imitationem
1103 2422 1238 2462 probare
1261 2422 1367 2453 studet
1389 2420 1427 2452 cf.
1451 2431 1479 2461 p.
1503 2422 1532 2451 6.

289 2472 313 2509 ⁴)
338 2471 443 2502 Herm.
467 2471 536 2511 xn,
560 2482 589 2512 p.
607 2472 666 2503 326
691 2481 755 2512 sqq.
