1811 2933
807 113 1048 152 -8-

315 223 468 270 Scripsit
512 223 601 273 haec
642 222 749 259 verba
790 222 986 259 Pausanias
1027 222 1067 258 in
1108 222 1166 265 iis,
1209 234 1301 269 quae
1338 223 1382 258 de
1416 222 1627 270 Aethiopiae

210 282 374 330 partibus
411 282 559 330 copiose
587 281 715 318 Atticis
751 281 828 318 suis
857 282 1023 319 inseruit.
1079 281 1188 318 Cuius
1218 281 1473 330 disputationis
1502 293 1627 319 ansam

209 341 361 391 praebet
381 342 577 380 Nemeseos
597 341 843 379 Rhamnusiae
871 346 1002 385 statua,
1026 342 1224 390 Agoracriti
1252 341 1495 379 clarissimum
1524 354 1627 391 opus,

209 403 307 451 quod
345 402 402 439 alii
442 414 631 452 perperam
666 402 736 451 ipsi
763 403 911 440 Phidiae
944 402 1212 451 tribuerunt⁶);
1247 414 1337 451 quae
1366 414 1449 440 cum
1480 403 1626 440 dextera

208 469 370 512 pateram
400 468 543 500 teneret
569 463 787 511 Aethiopum
816 464 941 512 figuris
970 468 1145 507 ornatam,
1173 462 1323 500 fuerunt
1351 463 1412 511 qui
1440 463 1476 500 id
1506 464 1553 501 ita
1583 463 1627 501 ab

208 522 342 560 artifice
383 523 465 560 ideo
505 524 713 561 institutum
756 536 836 561 esse
878 524 1164 567 arbitrarentur,
1211 524 1307 571 quod
1349 524 1540 573 Aethiopes
1583 525 1626 561 ad

210 584 398 622 Oceanum
428 585 580 622 fluvium
609 585 713 622 sedes
742 585 928 628 haberent,
958 586 1126 623 Oceanus
1154 591 1275 623 autem
1304 592 1409 633 pater
1438 590 1534 621 esset
1553 584 1626 622 Ne-

210 656 372 689 meseos,
410 656 504 693 quae
540 645 628 681 deae
663 644 908 682 Rhamnusiae
942 645 1149 693 genealogia
1185 656 1405 693 quamquam
1440 649 1626 692 praeterea

210 705 323 742 semel
352 716 498 753 quoque
526 704 635 753 idque
664 704 702 741 in
732 704 847 741 schol.
868 704 951 753 Lyc.
975 704 1024 742 88
1045 709 1365 751 commemoratur,
1395 709 1519 741 tamen
1539 715 1626 752 pro-

211 765 268 802 cul
294 764 407 801 dubio
436 765 480 801 ad
501 776 684 802 summam
706 765 961 814 antiquitatem
980 764 1173 802 referenda
1192 775 1260 801 nec
1280 764 1357 801 sine
1377 764 1627 813 probabilitate

211 825 424 873 Cypriorum
459 825 596 862 auctori
633 825 825 862 tribuenda
860 831 915 862 est
927 825 969 870 ⁶).
1025 825 1136 862 Cuius
1172 824 1351 873 opinionis
1387 824 1569 873 particeps
1596 824 1627 861 is

211 897 359 933 quoque
387 885 530 921 videtur
558 884 680 928 fuisse,
711 885 812 921 cuius
832 885 944 922 libros
964 884 1204 933 periegeticos
1224 884 1421 921 Pausanias
1441 884 1478 920 in
1498 884 1626 920 Atticis

212 945 476 994 componendis
510 945 665 981 maxime
701 944 875 988 adhibuit,
910 945 972 993 qui
1006 945 1036 982 si
1073 955 1149 981 non
1183 944 1261 992 ipse
1296 944 1366 981 fuit
1394 944 1554 988 Polemo,
1590 950 1627 982 at

212 1010 309 1042 certe
337 1006 573 1042 Polemonem
609 1017 683 1042 non
719 1006 837 1043 solum
873 1006 1036 1042 imitatus
1071 1010 1135 1047 est,
1174 1006 1236 1042 sed
1272 1005 1379 1042 etiam
1408 1005 1625 1053 compilavit.

213 1066 259 1102 At
293 1070 474 1113 repugnat
508 1065 594 1102 huic
628 1066 831 1103 sententiae
861 1067 1078 1109 Herodotus,
1117 1065 1178 1113 qui
1217 1066 1257 1101 ΙΙ.
1287 1065 1335 1101 23
1364 1066 1411 1102 ita
1441 1066 1545 1103 dicit:
1580 1063 1626 1103 οὗ

212 1123 289 1175 γάρ
325 1138 418 1163 τινα
456 1123 580 1172 ἔγωγε
628 1124 723 1163 οἶδα
757 1125 945 1176 ποταμὸν
979 1123 1169 1164 Ὠκεανὸν
1202 1123 1334 1171 ἐόντα,
1368 1122 1546 1176 Ὅμηρον
1582 1124 1628 1163 δὲ

213 1183 239 1235 ἤ
274 1199 368 1224 τινα
395 1185 475 1223 τῶν
512 1184 711 1236 πρότερον
748 1188 975 1235 γενομένων
1008 1187 1212 1236 ποιητέων
1244 1185 1373 1223 δοκέω
1401 1185 1446 1223 τὸ
1475 1185 1628 1236 οὔνομα

214 1243 383 1295 εὑρόντα
418 1246 476 1290 εἷς
509 1247 683 1295 ποίησιν
718 1244 1020 1284 ἐσενείκασθαι.
1080 1246 1181 1290 Quae
1218 1246 1400 1283 dissensio
1436 1247 1626 1284 manifesta

213 1307 432 1356 periegetam
461 1306 632 1350 incitavit,
661 1310 701 1342 ut
730 1306 934 1344 accuratius
963 1307 1006 1343 de
1032 1306 1270 1355 Aethiopibus
1300 1318 1503 1355 eorumque
1532 1314 1627 1345 terra

214 1368 427 1412 dissereret3
453 1367 532 1415 ipse
552 1367 729 1404 Herodoti
758 1368 977 1404 sententiam
1008 1367 1168 1404 defendit
1197 1372 1231 1404 et
1252 1367 1449 1404 lectoribus
1469 1367 1627 1415 probare

214 1428 339 1465 studet
382 1439 501 1476 neque
543 1438 624 1464 esse
665 1427 813 1464 fluvium
854 1427 1040 1465 Oceanum
1074 1438 1192 1476 neque
1227 1427 1390 1464 habitare
1426 1428 1463 1464 in
1492 1428 1626 1465 Oceani

213 1489 320 1526 litore
348 1488 573 1537 Aethiopicas
609 1494 746 1536 gentes.
803 1488 881 1532 Qua
917 1488 961 1526 de
1000 1500 1106 1526 causa
1147 1488 1177 1525 si
1204 1495 1301 1526 recte
1329 1488 1536 1526 discernere
1565 1501 1627 1527 vo-

214 1551 345 1594 lemus,
373 1556 550 1597 quatenus
580 1550 753 1586 Herodoti
783 1550 914 1586 auxilio
944 1561 1030 1586 usus
1058 1550 1106 1586 sit
1134 1542 1327 1587 Pausanias
1356 1550 1393 1586 in
1421 1551 1531 1587 rebus
1560 1552 1627 1588 Ae-

215 1610 386 1657 thiopicis
408 1611 627 1652 enarrandis,
646 1610 763 1646 facere
778 1620 854 1646 non
870 1611 1085 1657 poterimus,
1106 1611 1196 1658 quin
1213 1615 1324 1647 totam
1342 1610 1626 1658 disputationem

214 1670 491 1718 perlustremus.
524 1670 574 1706 Ac
592 1669 751 1718 primum
774 1670 922 1718 quidem
944 1669 1075 1706 dicitur
1088 1666 1262 1720 Ὠκεανῷ
1280 1668 1356 1719 γὰρ
1377 1667 1424 1707 οὗ
1444 1671 1628 1722 ποταμῷ,

214 1725 409 1779 θαλάσσῃ
426 1729 472 1767 δὲ
487 1728 633 1779 ἐσχάτῃ
649 1730 718 1780 τῆς
733 1729 816 1768 ὑπὸ
833 1728 1069 1779 ἀνθρώπων
1078 1729 1316 1780 πλεομένης,
1334 1732 1628 1778 προσοικοῦσιν

206 1789 357 1841 Ἴβηρες
393 1789 461 1826 καὶ
489 1787 653 1834 Κελτοί,
689 1789 757 1827 καὶ
789 1790 912 1841 νῆσον
938 1787 1124 1834 Ὠκεανὸς
1159 1789 1240 1838 ἔχει
1273 1789 1346 1841 τὴν
1372 1791 1623 1841 Βρεττανῶν.

217 1852 330 1889 Verba
360 1851 480 1899 priora
509 1863 553 1888 ex
572 1852 745 1888 Herodoti
775 1853 797 1889 l.
820 1853 841 1888 l.
871 1856 990 1888 sumta
1011 1864 1090 1888 esse
1109 1857 1277 1900 apparet3
1305 1853 1443 1900 reliqua
1463 1865 1507 1889 ex
1525 1852 1627 1889 fonte

216 1911 340 1949 nescio
369 1923 442 1960 quo
471 1912 711 1960 geographico
740 1913 867 1949 hausta
895 1918 994 1949 sunt.
1037 1912 1110 1949 Iam
1140 1912 1295 1960 scriptor
1313 1913 1457 1950 illorum
1477 1913 1625 1949 Aethio-

215 1983 304 2021 pum
340 1972 402 2020 qui
438 1984 544 2021 supra
575 1973 718 2021 Syenen
754 1973 856 2010 sedes
894 1973 1071 2009 haberent
1099 1972 1244 2009 ultimos
1274 1973 1316 2010 ad
1346 1984 1445 2010 mare
1474 1973 1625 2011 rubrum

215 2033 379 2069 habitare
407 2033 493 2069 dicit
522 2033 810 2081 Ichthyophagos
840 2033 931 2070 circa
951 2033 1074 2070 sinum
1103 2033 1146 2069 ab
1168 2033 1256 2081 ipsis
1276 2033 1625 2082 Ichthyophagorum

215 2093 367 2130 dictum.
423 2092 500 2136 Qua
532 2093 573 2129 in
607 2104 647 2129 re
685 2104 767 2130 cum
804 2093 1000 2131 Pausanias
1035 2092 1220 2130 Herodoto
1255 2103 1330 2130 non
1365 2093 1624 2138 adsentiretur,

300 2234 327 2272 ⁵)
353 2232 391 2263 cf.
417 2232 659 2263 Wilamowitzii
692 2232 808 2262 librum
841 2232 891 2272 qui
927 2232 1115 2262 inscribitur
1143 2231 1344 2271 ‘Antigonus
1375 2241 1433 2262 von
1459 2231 1624 2273 Karystos’

215 2285 248 2315 in
282 2282 555 2323 disquisitionibus
590 2282 789 2322 philologieis
822 2292 838 2312 a
873 2280 1068 2319 Hiesslingio
1103 2286 1135 2312 et
1166 2281 1416 2313 Wilamowitzio
1452 2282 1546 2313 editis
1572 2282 1625 2314 IV.

216 2334 318 2364 Berol.
346 2334 435 2364 1881.
479 2343 507 2372 p.
529 2333 566 2363 10
583 2342 647 2372 sqq.

300 2384 327 2421 ⁶)
349 2384 427 2414 adde
449 2382 542 2413 Paus.
561 2381 625 2414 Vll.
643 2383 671 2418 5,
689 2381 717 2419 3,
741 2381 793 2412 ubi
818 2382 947 2413 eundem
970 2380 1086 2412 fontem
1109 2382 1343 2422 periegeticum‚
1367 2392 1426 2422 qno
1450 2382 1481 2412 in
1506 2381 1625 2412 Atticis

217 2444 291 2464 usus
315 2438 379 2472 est,
410 2433 516 2463 verbis
540 2432 573 2463 οἱ
591 2429 766 2472 Ἀθηναῖοι
788 2437 897 2472 aperte
921 2431 1073 2470 designat.
1118 2432 1193 2462 Cum
1215 2437 1319 2463 autem
1342 2432 1490 2462 carminis
1514 2432 1625 2473 Cyprii

217 2484 307 2523 poeta
336 2482 471 2513 fabulam
502 2483 538 2512 de
566 2482 737 2514 Nemeseos
765 2482 991 2512 mutationibus
1020 2486 1166 2512 narraret
1202 2481 1252 2520 (cf.
1276 2482 1388 2512 Athen.
1414 2480 1490 2520 Vlll,
1518 2491 1547 2521 p.
1564 2482 1625 2512 334

218 2533 334 2571 B-D),
368 2533 596 2564 coniiciendnm
625 2537 684 2570 est,
714 2533 800 2563 deam
830 2531 943 2563 factam
971 2542 1040 2563 esse
1067 2533 1105 2563 ab
1134 2532 1190 2563 illo
1220 2532 1316 2563 filiam
1344 2532 1476 2570 Oceani3
1508 2532 1624 2564 Oceani

219 2583 298 2613 enim
321 2583 384 2613 filia
408 2583 491 2613 sicut
513 2583 596 2614 aliae
621 2583 716 2613 maris
740 2584 816 2614 deae
840 2583 1022 2613 mutationis
1046 2587 1146 2613 artem
1168 2582 1309 2613 habebat.
