1811 2933
779 135 1049 174 -31-

770 449 1039 495 VITA.

312 647 423 684 Natus
463 660 545 685 sum
585 648 765 685 Iohannes
804 646 990 683 Conradus
1026 647 1218 684 Wernicke
1260 647 1420 684 Berolini
1455 659 1485 684 a.
1516 648 1551 683 h.
1580 660 1608 684 s.

207 715 301 752 an
342 716 398 753 die
439 716 532 753 XVll
582 717 718 753 mensis
761 715 892 764 Aprilis
933 721 1033 763 patre
1075 715 1200 753 Carolo
1244 715 1451 760 Wernicke‚
1500 729 1608 765 quem

205 783 361 822 Berolini
391 785 605 833 professoris
634 795 783 822 munere
808 784 974 822 functum
994 784 1065 822 iam
1086 784 1223 821 dudum
1244 790 1472 832 praematura
1494 792 1611 824 morte

205 853 294 890 mihi
331 860 496 900 ereptum
532 865 612 891 esse
647 865 866 902 magnopere
902 854 1019 898 doleo,
1056 858 1169 890 matre
1203 842 1413 890 Florentina
1452 866 1471 890 e
1506 860 1611 901 gente

206 922 468 959 Schneeweiss.
531 922 630 959 Fidei
676 922 838 960 addictus
880 934 961 960 sum
1004 922 1240 970 evangelicae.
1302 922 1349 959 Ut
1391 922 1611 960 eruditionis

204 992 380 1029 elementa
409 991 597 1036 discerem,
628 992 670 1029 VI
698 1003 812 1029 annos
840 997 946 1029 natus
973 992 1012 1029 in
1041 992 1199 1029 scholam
1225 992 1372 1040 Regiam
1394 992 1607 1029 Berolinen-

204 1072 279 1097 sem
307 1065 475 1108 receptus
504 1072 595 1105 sum,
630 1072 698 1108 qua
727 1060 888 1097 absoluta
917 1065 1114 1098 auctumno
1143 1060 1229 1097 anni
1257 1061 1292 1096 h.
1323 1073 1351 1097 s.
1379 1060 1474 1096 LXX
1504 1072 1608 1109 gym-

203 1129 344 1166 nasium
378 1128 600 1166 Fridericum
635 1128 854 1166 Guilelmum
889 1128 1132 1177 frequentavi,
1173 1129 1271 1177 quod
1305 1134 1384 1166 tum
1418 1130 1462 1166 ab
1503 1129 1610 1167 beato

203 1198 427 1235 Ferdinando
459 1198 597 1235 Rankio
639 1198 841 1246 regebatur,
883 1209 982 1235 nunc
1022 1203 1144 1235 autem
1186 1199 1255 1235 sub
1294 1198 1444 1235 Arminii
1487 1198 1611 1235 Kernii

204 1266 371 1314 auspiciis
399 1267 514 1303 floret.
561 1266 740 1315 Imprimis
770 1278 826 1303 me
856 1266 952 1303 utin
973 1266 1198 1314 antiquitatis
1216 1267 1337 1303 studia
1358 1266 1609 1304 incumberem

202 1335 446 1372 incitaverunt
487 1348 539 1372 vv.
575 1336 633 1372 dd.
668 1335 849 1373 Borchard
891 1335 1100 1372 Braumann
1147 1335 1320 1382 Wagner,
1368 1348 1525 1383 quorum
1573 1337 1611 1373 in

203 1414 261 1440 me
310 1404 436 1441 merita
478 1409 577 1452 grata
619 1415 763 1452 semper
803 1403 934 1452 piaque
974 1403 1104 1441 tenebo
1147 1403 1333 1440 memoria.
1394 1403 1485 1441 Vere
1526 1405 1611 1441 anni

203 1474 550 1513 ClDlDCCCLXXIX
579 1475 794 1512 maturitatis
822 1474 1032 1512 testimonio
1061 1474 1262 1511 instructus
1282 1474 1360 1518 adii,
1390 1480 1432 1511 ut
1463 1487 1610 1523 operam

204 1554 371 1580 navarem
387 1544 518 1581 studiis
533 1542 808 1591 archaeologicis
833 1548 870 1580 et
895 1541 1133 1591 philologiciS‚
1157 1541 1429 1579 universitatem
1453 1543 1611 1581 Frideri—

203 1623 281 1648 cam
298 1612 512 1650 Guilelmam
528 1613 809 1656 Berolinensem,
830 1611 934 1648 cuius
953 1622 1020 1659 per
1034 1611 1169 1659 septies
1188 1623 1250 1647 sex
1270 1623 1416 1649 menses
1437 1612 1523 1650 civis
1544 1614 1607 1650 fui.

203 1679 339 1717 Deinde
380 1693 496 1729 usque
538 1681 581 1718 ad
623 1682 692 1718 hoc
733 1685 877 1728 tempus
919 1679 1087 1728 privatim
1130 1679 1259 1716 studiis
1295 1685 1494 1729 occupatus
1531 1693 1611 1719 sum

202 1749 490 1797 archaeologicis.
546 1750 755 1786 Docuerunt
796 1753 917 1785 autem
962 1760 1019 1785 me
1060 1760 1115 1784 vv.
1153 1749 1212 1785 dd.
1254 1749 1423 1787 Bresslau
1465 1751 1612 1788 Curtius

199 1816 473 1865 Furtwaengler
500 1817 630 1866 Geiger
657 1819 698 1854 A.
727 1817 919 1854 Kirchhoff
941 1816 1098 1854 Lazarus
1127 1817 1282 1854 Paulsen
1302 1817 1439 1855 Robert
1458 1818 1612 1857 Scherer

199 1885 297 1923 Treu
325 1886 462 1924 Vahlen
490 1887 614 1924 Zeller.
670 1886 897 1934 Benignitate
934 1886 1070 1923 factum
1105 1891 1161 1923 est
1189 1887 1303 1924 Curtii
1329 1887 1611 1936 Furtwaengleri

200 1953 368 1996 Roberfi,
416 1960 456 1990 ut
502 1954 818 1991 exercitationibus
865 1954 1079 1991 interessem
1126 1954 1414 2002 archaeologicis⁷
1462 1957 1611 1992 Vahleni

199 2021 435 2070 philologieis,
463 2022 680 2060 Kirchhoffii
710 2021 958 2071 epigraphicis.
1016 2020 1156 2066 Quibus
1186 2022 1354 2059 omnibus
1383 2024 1515 2070 gratias
1545 2036 1609 2072 ago

199 2104 308 2139 quam
351 2093 541 2136 maximas,
580 2093 759 2141 imprimis
794 2098 913 2130 autem
952 2092 1122 2136 Roberto‚
1158 2093 1219 2141 qui
1258 2099 1432 2141 quantum
1470 2093 1513 2129 de
1550 2105 1609 2129 me

198 2160 375 2198 meruerit
401 2161 457 2197 vix
485 2161 605 2198 dicere
634 2172 799 2209 possum.
