1811 2933
807 136 1079 174 „32-

656 434 1232 481 SENTENTIAE.

931 630 964 665 1.

246 740 248 742 ,
343 700 384 736 ln
419 699 528 736 libelli
567 699 661 748 περὶ
696 695 829 748 ὕψους
864 709 939 745 cap.
971 697 1029 741 14,
1061 697 1078 732 1
1120 696 1252 733 codicis
1282 696 1309 732 P
1346 698 1452 734 lectio
1491 699 1651 748 προπί-

237 781 392 816 πτοντα
420 773 545 815 contra
573 768 722 805 Manutii
752 767 1000 805 coniecturam
1029 765 1349 814 προσπίπτοντα
1376 768 1509 804 tuenda
1538 774 1606 806 est.

929 881 964 917 2.

342 950 526 999 Aristoph.
557 949 651 987 Nub.
681 962 713 986 v.
743 949 820 987 297
849 950 900 987 sic
928 950 1104 998 legendus
1132 951 1207 985 est:

235 1015 323 1055 ἀλλ’
352 1015 543 1068 εὐφήμει·
572 1019 675 1067 μέγα
702 1018 777 1067 γὰρ
804 1017 989 1068 νεφελῶν
1015 1025 1119 1056 κινεῖ
1145 1018 1190 1056 τὸ
1210 1019 1361 1070 σμῆνος
1390 1013 1545 1068 ἀοιδήν.

235 1087 340 1124 codd.
370 1088 475 1137 μέγα
500 1085 576 1137 γάρ
604 1101 643 1124 τι
675 1087 785 1125 θεῶν
812 1093 985 1125 κινεῖται
1015 1087 1165 1139 σμῆνος
1193 1080 1368 1132 ἀοιδαῖς.

926 1201 963 1238 3.

335 1270 459 1319 Eurip.
488 1270 565 1318 Iph.
595 1270 673 1307 Aul.
705 1283 761 1307 vv.
794 1270 893 1307 1207
906 1283 958 1319 sq.
988 1272 1040 1308 sic
1067 1271 1207 1319 legendi
1235 1277 1338 1308 sunt:

234 1339 273 1377 εἰ
300 1339 335 1378 δ’
364 1336 407 1377 εὖ
436 1338 619 1377 λέλεκταί
648 1351 720 1388 μοι
750 1336 883 1386 λόγος,
914 1338 964 1377 σὺ
992 1339 1047 1390 μὴ
1076 1337 1220 1390 κτάνῃς

231 1408 304 1458 τὴν
334 1406 408 1458 σήν
435 1422 477 1445 τε
506 1404 638 1457 κάμὴν
667 1406 813 1453 παῖδα,
843 1408 911 1445 καὶ
941 1406 1115 1460 σώφρων
1144 1407 1241 1449 ἔσει.

232 1478 337 1514 codd.
366 1474 546 1514 λέλεκται
570 1477 626 1527 νῷ
654 1475 708 1527 μὴ
738 1474 789 1527 δή
808 1491 853 1525 γε
872 1476 1028 1529 κτάνῃς.

926 1592 961 1629 4.

336 1661 436 1704 Quos
477 1659 518 1695 E.
554 1660 729 1697 Maassius
772 1660 832 1705 (de
870 1660 1085 1708 Sibyllarum
1128 1660 1325 1706 indicibus)
1369 1659 1414 1696 ab
1444 1659 1648 1696 Alexandro

231 1728 460 1778 Polyhistore
494 1727 646 1777 scriptos
674 1728 787 1766 fuisse
820 1728 932 1766 libros
968 1729 1231 1767 demonstravit
1258 1728 1353 1775 περὶ
1378 1727 1451 1766 τοῦ
1476 1726 1519 1766 ἓν
1547 1724 1649 1764 Δελ-

231 1802 329 1846 φοῖς
355 1798 599 1847 χρηστηρίου
628 1802 665 1833 et
692 1796 787 1846 περὶ
816 1799 1069 1847 Λυκωρείας,
1099 1798 1123 1834 ii
1149 1798 1191 1835 ad
1212 1808 1327 1835 unum
1349 1809 1441 1846 opus
1461 1797 1649 1846 pertinent

232 1866 335 1917 euius
364 1865 424 1903 hic
441 1849 592 1914 'primus
621 1871 709 1910 erat,
738 1865 797 1902 ille
824 1867 1007 1904 secundus
1035 1866 1136 1904 liber.

925 1981 959 2016 5.

336 2049 377 2086 In
407 2048 543 2097 templo
572 2048 750 2086 Minervae
771 2038 922 2096 Virginis
951 2049 1150 2086 clarissimo
1169 2048 1382 2087 Atheniensi
1402 2048 1646 2086 Parthenonis

230 2112 381 2154 nomine
414 2115 661 2166 appellabatur
694 2117 752 2153 illa
789 2116 897 2153 cellae
925 2127 1027 2165 pars,
1067 2117 1126 2154 ubi
1157 2118 1243 2155 deae
1269 2118 1505 2155 simulacrum
1535 2117 1644 2154 ebur-

230 2197 339 2223 neum
370 2186 582 2228 collocatum
612 2190 699 2223 erat.
