1811 2933
757 132 1028 171 „25-

240 241 275 279 3.
303 240 470 278 Paus‚X.
509 240 570 284 33,
592 242 613 277 7
642 253 695 290 sq.
742 240 792 292 γῆ
811 239 857 279 δε

187 301 499 351 διακεκριμένως
518 297 659 352 ἀρίστη
675 301 743 352 τῆς
764 302 856 340 Φω-

969 241 1053 279 Her.
1091 241 1177 278 VIII.
1213 240 1272 277 33.
1330 238 1597 289 πορευόμενοι
1622 243 1661 275 13

913 299 989 351 γὰρ
1016 299 1138 352 ταύτῃ
1168 299 1282 350 παρὰ
1309 299 1380 339 τόν
1407 302 1596 352 Κηφισὸν

186 361 299 407 κίδος
326 359 476 412 ἕστὶνῆ
496 362 611 412 παρὰ
628 362 697 400 τὸν
722 365 856 413 Κηφι-
917 362 1105 412 ποταμὸν
1138 360 1303 412 ἐδηίουν
1337 360 1489 409 πάντα,
1525 363 1593 401 καὶ

186 421 258 461 σὸν
284 421 352 459 καὶ
394 422 593 470 φυτεῦσαι
633 422 702 459 καὶ
737 424 855 460 σπεί-

186 496 271 534 ρειν
311 482 380 520 καὶ
419 479 576 521 ἀνεῖναι
618 481 744 534 νομάς
761 496 770 506 ·
786 482 854 521 καὶ

184 548 421 594 γεωργεῖται
488 543 614 582 ταῦτα
675 540 854 593 μάλιστα

183 604 251 655 τῆς
291 601 442 654 χώρας,
486 601 587 642 ὥστε
627 604 696 642 καὶ
736 603 854 653 λόγος

184 665 271 704 ἐστὶ
316 664 442 704 πόλιν
483 664 557 716 μὲν
596 667 852 717 Παραποτα-

185 728 302 776 μίους
342 725 396 776 μὴ
439 724 739 777 ὀνομασθῆναι,
781 727 852 766 ἐπὶ

183 785 229 825 δὲ
269 785 349 824 τῶν
394 785 507 837 παρὰ
551 786 621 825 τὸν
667 787 853 838 Κηφισὸν

182 844 466 897 γεωργούντων
507 848 770 899 πεποιῆσθαι
805 849 849 888 τό

182 906 281 951 ἔπος
296 919 305 928 ·

183 970 224 1006 οἵ
250 968 282 1005 τ’
310 965 390 1019 ἄρα
422 966 507 1018 πὰρ
548 966 736 1019 ποταμὸν
769 971 851 1020 Κη-

428 1028 554 1079 φισὸν
581 1028 674 1067 δῖον
702 1028 847 1068 ἔναιον.

180 1088 331 1140 τούτῳ
360 1089 423 1140 τῷ
461 1087 591 1140 λόγῳ
625 1086 850 1142 διάφορα

181 1149 267 1200 μὲν
294 1149 343 1189 ἒν
366 1150 420 1204 τῇ
437 1148 704 1201 “Ηροδότου
734 1162 849 1199 συγ-

179 1211 361 1263 γραφῇ,
415 1209 598 1262 διάφορα
648 1211 694 1250 δέ
739 1211 850 1251 ἐστιν

180 1265 289 1321 αὐτῷ
317 1269 384 1308 καὶ
413 1268 491 1309 ὅσα
509 1271 581 1310 ἐπὶ
600 1278 690 1317 ταῖς
717 1274 850 1317 νίκαις

179 1336 270 1374 ταῖς
287 1332 498 1376 Πυθικαῖς
509 1331 849 1382 μνημονεύουσιν.

173 1387 462 1442 Ἀμφικτύονες
488 1391 566 1443 γὰρ
596 1391 741 1432 Πύθια
770 1393 848 1433 ἐτί-

179 1454 313 1491 θεσαν
347 1453 521 1503 πρῶτον,
564 1453 633 1492 καὶ
666 1455 852 1506 Αἰχμέας

179 1511 507 1563 Παραποτάμιος
530 1514 696 1565 πυγμήν
718 1515 851 1567 ἐνίκη-

184 1582 253 1611 σεν
272 1572 315 1612 ἓν
336 1576 484 1613 παισίν
499 1586 509 1596 ·
533 1572 773 1621 ὡσαύτως
800 1576 851 1615 δὲ

174 1631 435 1683 “Ηρόδοτος
454 1634 745 1683 καταλέγων
770 1636 853 1682 τὰς

176 1692 362 1739 πόλεις
430 1693 552 1740 ὅσας
613 1696 852 1746 βασιλεὺς

176 1753 359 1805 Ξέρξης
391 1755 487 1794 τῶν
515 1755 561 1794 ἐν
590 1758 815 1796 Φωκεῦσι
830 1772 852 1797 ν

175 1812 444 1866 ἒνέιπρησε,
487 1816 572 1854 καὶ
615 1821 849 1869 Παραπω

174 1876 382 1925 ταμίους
448 1877 736 1927 κατείλοχεν
800 1878 851 1918 ἓν

175 1932 358 1980 αὐταῖς
399 1932 567 1975 πόλιν.
623 1936 670 1977 οὖ
711 1941 849 1989 μέντοι

178 1993 217 2033 οἳ
278 1996 603 2049 Παραποτάμιοί
660 2014 706 2047 γε
763 1998 847 2040 ὑπὸ

171 2052 407 2107 Ἀθηναίων
426 2058 494 2096 καὶ
514 2061 712 2099 Βοιωτῶν
739 2058 843 2113 ἀνῳ-

173 2117 394 2169 κίσθησαν,
425 2115 530 2158 ἀλλὰ
555 2118 596 2165 ἐς
623 2120 695 2166 τὰς
723 2119 847 2168 ἄλλας

174 2176 317 2224 πόλεις
333 2177 373 2217 οἳ
389 2178 611 2230 ἄνθρωποι
627 2183 846 2233 κατενεμή-

172 2237 312 2288 θησαν
339 2237 422 2278 ὑπό
456 2254 499 2278 τε
526 2237 749 2287 ἀσθενείας
776 2243 846 2280 καὶ

174 2296 326 2338 σπάνει
361 2300 587 2351 χρημάτων.
646 2305 846 2353 Παραπο-

172 2361 330 2408 ταμίων
357 2360 433 2411 μὲν
473 2361 521 2412 δὴ
560 2360 651 2400 οὔτε
678 2359 845 2412 ἐρείπια

174 2412 235 2457 ἔτι
263 2417 311 2472 ἦν
340 2420 432 2460 οὔτε
458 2421 566 2461 ἔνθα
610 2422 681 2474 τῆς
712 2423 843 2475 χώρας

173 2480 367 2534 ῳκίσθηῆ
378 2482 499 2529 πόλις
506 2483 840 2535 μνημονεύουσιν.

916 422 1019 459 κατὰ
1070 421 1144 472 μὲν
1198 420 1373 459 ἔκαυσαν
1428 424 1593 473 Δρυμὸν

917 480 1054 528 πόλιν,
1083 482 1186 520 κατὰ
1214 481 1260 520 δὲ
1279 481 1503 534 Χαράδραν
1523 484 1592 522 καὶ

907 542 1083 593 Ἔρωχον
1127 542 1194 580 καὶ
1243 542 1479 594 Τεθρώνιον
1523 545 1592 583 καὶ

907 601 1155 654 ’Λμφίκαιαν
1208 602 1277 640 καὶ
1326 605 1468 642 Νέωνα
1522 605 1591 643 καὶ

917 664 1090 710 Πεδιέας
1113 664 1181 703 καὶ
1208 666 1375 716 Τριτέας
1392 665 1461 703 καὶ
1477 663 1592 705 Ἐλά-

913 739 1025 764 τειαν
1052 726 1121 763 καὶ
1146 723 1379 775 “Υάμπολιν
1406 726 1474 764 καὶ
1504 731 1592 764 Πα-

914 787 1194 836 ραποταμίους
1221 786 1289 823 καὶ
1314 784 1454 836 Ἄβας,
1486 785 1591 825 ἔνθα

913 844 961 898 ἦν
989 842 1076 897 ἱρὸν
1089 844 1345 892 Ἀπόλλωνος
1372 845 1588 894 πλούσιον,

912 908 1164 957 θησαυροῖσί
1191 921 1234 944 τε
1257 909 1325 944 καὶ
1345 905 1589 959 ἀναθήμασι

913 966 1106 1006 πολλοῖσι
1126 970 1513 1019 κατεσκευασμένον·
1542 966 1590 1020 ἦν

911 1028 957 1067 δὲ
990 1028 1058 1066 καὶ
1092 1026 1181 1066 τότε
1215 1028 1282 1066 καὶ
1310 1030 1379 1068 νῦν
1407 1028 1466 1068 ἔτι
1494 1044 1588 1081 χρη-

911 1088 1076 1141 στήριον
1103 1086 1273 1130 αὐτόθι·
1303 1090 1370 1129 καὶ
1397 1091 1515 1129 τοῦτο
1543 1089 1589 1129 τό

912 1148 999 1201 ἱρὸν
1026 1150 1269 1203 συλήσαντες
1287 1152 1515 1203 ἐνέπρησαν
1526 1153 1587 1199 ³⁵).

255 2612 294 2652 ⁸⁶)
317 2614 360 2643 De
383 2614 462 2645 Abis
485 2624 652 2655 eorumque
675 2617 789 2657 templo
813 2617 941 2648 incenso
966 2628 994 2648 v.
1018 2618 1100 2648 infra
1124 2628 1188 2659 cap.
1205 2619 1230 2650 ΙΙ
1254 2630 1281 2649 n.
1302 2620 1369 2651 118.
