<?xml version="1.0" encoding="UTF-8"?>
<!DOCTYPE html PUBLIC "-//W3C//DTD XHTML 1.0 Transitional//EN"
    "http://www.w3.org/TR/xhtml1/DTD/xhtml1-transitional.dtd">
<html xmlns="http://www.w3.org/1999/xhtml" xml:lang="en" lang="en">
 <head>
  <title>
</title>
<meta http-equiv="Content-Type" content="text/html;charset=utf-8" />
  <meta name='ocr-system' content='tesseract 3.04.00' />
  <meta name='ocr-capabilities' content='ocr_page ocr_carea ocr_par ocr_line ocrx_word'/>
</head>
<body>
  <div class='ocr_page' id='page_1' title='image "4737237_0017.png"; bbox 0 0 1811 2933; ppageno 0'>
   <div class='ocr_carea' id='block_1_1' title="bbox 753 104 1021 141">
    <p class='ocr_par' dir='ltr' id='par_1_1' title="bbox 753 104 1021 141">
     <span class='ocr_line' id='line_1_1' title="bbox 753 104 1021 141; baseline 0.004 -12"><span class='ocrx_word' id='word_1_1' title='bbox 753 104 1021 141; x_wconf 71' lang='lat'>—11-</span> 
     </span>
    </p>
   </div>
   <div class='ocr_carea' id='block_1_2' title="bbox 189 211 1593 443">
    <p class='ocr_par' dir='ltr' id='par_1_2' title="bbox 189 211 1593 443">
     <span class='ocr_line' id='line_1_2' title="bbox 190 211 1591 262; baseline -0.002 -11"><span class='ocrx_word' id='word_1_2' title='bbox 190 225 260 262; x_wconf 91' lang='lat' dir='ltr'><strong>que</strong></span> <span class='ocrx_word' id='word_1_3' title='bbox 296 212 413 250; x_wconf 88' lang='lat' dir='ltr'><strong>tribus</strong></span> <span class='ocrx_word' id='word_1_4' title='bbox 449 224 491 249; x_wconf 89' lang='lat' dir='ltr'><strong>ex</strong></span> <span class='ocrx_word' id='word_1_5' title='bbox 524 224 567 249; x_wconf 85' lang='lat' dir='ltr'><strong>eo</strong></span> <span class='ocrx_word' id='word_1_6' title='bbox 595 212 758 250; x_wconf 86' lang='lat' dir='ltr'>oriundis</span> <span class='ocrx_word' id='word_1_7' title='bbox 786 218 991 257; x_wconf 88' lang='lat' dir='ltr'><strong>narrantur,</strong></span> <span class='ocrx_word' id='word_1_8' title='bbox 1025 213 1109 261; x_wconf 89' lang='lat' dir='ltr'><strong>quin</strong></span> <span class='ocrx_word' id='word_1_9' title='bbox 1138 211 1343 249; x_wconf 81' lang='lat' dir='ltr'><strong>tribuamus</strong></span> <span class='ocrx_word' id='word_1_10' title='bbox 1370 211 1489 248; x_wconf 79' lang='lat' dir='ltr'><strong>facere</strong></span> <span class='ocrx_word' id='word_1_11' title='bbox 1517 222 1591 248; x_wconf 90' lang='lat' dir='ltr'><strong>non</strong></span> 
     </span>
     <span class='ocr_line' id='line_1_3' title="bbox 189 272 1590 323; baseline -0.002 -12"><span class='ocrx_word' id='word_1_12' title='bbox 189 284 400 323; x_wconf 87' lang='lat' dir='ltr'><strong>possumus.</strong></span> <span class='ocrx_word' id='word_1_13' title='bbox 456 273 592 311; x_wconf 79' lang='lat' dir='ltr'>Deinde</span> <span class='ocrx_word' id='word_1_14' title='bbox 633 273 812 322; x_wconf 85' lang='lat' dir='ltr'><strong>periegeta</strong></span> <span class='ocrx_word' id='word_1_15' title='bbox 848 285 932 311; x_wconf 87' lang='lat' dir='ltr'><strong>cum</strong></span> <span class='ocrx_word' id='word_1_16' title='bbox 968 273 1079 310; x_wconf 89' lang='lat' dir='ltr'><strong>totius</strong></span> <span class='ocrx_word' id='word_1_17' title='bbox 1118 272 1375 322; x_wconf 84' lang='lat' dir='ltr'><strong>disputationis</strong></span> <span class='ocrx_word' id='word_1_18' title='bbox 1407 283 1590 309; x_wconf 89' lang='lat' dir='ltr'><strong>summam</strong></span> 
     </span>
     <span class='ocr_line' id='line_1_4' title="bbox 189 333 1591 382; baseline -0.001 -12"><span class='ocrx_word' id='word_1_19' title='bbox 189 333 313 382; x_wconf 86' lang='lat' dir='ltr'><strong>paucis</strong></span> <span class='ocrx_word' id='word_1_20' title='bbox 351 334 559 382; x_wconf 82' lang='lat' dir='ltr'><strong>complexus</strong></span> <span class='ocrx_word' id='word_1_21' title='bbox 587 339 693 370; x_wconf 85' lang='lat' dir='ltr'><strong>-esset</strong></span> <span class='ocrx_word' id='word_1_22' title='bbox 728 333 916 379; x_wconf 79' lang='lat' dir='ltr'><strong>verbis²⁵)‚</strong></span> <span class='ocrx_word' id='word_1_23' title='bbox 959 346 1003 370; x_wconf 83' lang='lat' dir='ltr'><strong>ex</strong></span> <span class='ocrx_word' id='word_1_24' title='bbox 1036 335 1163 371; x_wconf 83' lang='lat' dir='ltr'><strong>eodem</strong></span> <span class='ocrx_word' id='word_1_25' title='bbox 1201 336 1302 370; x_wconf 82' lang='lat' dir='ltr'><strong>fonte</strong></span> <span class='ocrx_word' id='word_1_26' title='bbox 1336 333 1511 370; x_wconf 90' lang='lat' dir='ltr'><strong>nonnulla</strong></span> <span class='ocrx_word' id='word_1_27' title='bbox 1548 333 1591 369; x_wconf 89' lang='lat' dir='ltr'><strong>de</strong></span> 
     </span>
     <span class='ocr_line' id='line_1_5' title="bbox 190 392 1593 443; baseline -0.001 -12"><span class='ocrx_word' id='word_1_28' title='bbox 190 395 333 432; x_wconf 84' lang='lat' dir='ltr'><strong>Atlante</strong></span> <span class='ocrx_word' id='word_1_29' title='bbox 361 394 541 439; x_wconf 82' lang='lat' dir='ltr'><strong>adnectit;</strong></span> <span class='ocrx_word' id='word_1_30' title='bbox 570 394 630 431; x_wconf 83' lang='lat' dir='ltr'><strong>sed</strong></span> <span class='ocrx_word' id='word_1_31' title='bbox 659 393 697 431; x_wconf 93' lang='lat' dir='ltr'><strong>in</strong></span> <span class='ocrx_word' id='word_1_32' title='bbox 726 393 794 431; x_wconf 86' lang='lat' dir='ltr'><strong>illis</strong></span> <span class='ocrx_word' id='word_1_33' title='bbox 823 405 979 443; x_wconf 88' lang='lat' dir='ltr'><strong>quoque,</strong></span> <span class='ocrx_word' id='word_1_34' title='bbox 1008 395 1074 432; x_wconf 82' lang='lat' dir='ltr'><strong>etsi</strong></span> <span class='ocrx_word' id='word_1_35' title='bbox 1103 394 1214 443; x_wconf 84' lang='lat' dir='ltr'><strong>magis</strong></span> <span class='ocrx_word' id='word_1_36' title='bbox 1241 393 1435 436; x_wconf 87' lang='lat' dir='ltr'><strong>recondita,</strong></span> <span class='ocrx_word' id='word_1_37' title='bbox 1464 392 1593 430; x_wconf 90' lang='lat' dir='ltr'><strong>insunt</strong></span> 
     </span>
    </p>
   </div>
   <div class='ocr_carea' id='block_1_3' title="bbox 189 453 1138 580">
    <p class='ocr_par' dir='ltr' id='par_1_3' title="bbox 189 453 1138 580">
     <span class='ocr_line' id='line_1_6' title="bbox 189 453 950 501; baseline -0.003 -9"><span class='ocrx_word' id='word_1_38' title='bbox 189 454 404 492; x_wconf 86' lang='lat' dir='ltr'><strong>Herodotea.</strong></span> <span class='ocrx_word' id='word_1_39' title='bbox 463 454 573 492; x_wconf 86' lang='lat' dir='ltr'><strong>Velim</strong></span> <span class='ocrx_word' id='word_1_40' title='bbox 602 454 698 491; x_wconf 92' lang='lat' dir='ltr'><strong>enim</strong></span> <span class='ocrx_word' id='word_1_41' title='bbox 728 453 950 501; x_wconf 80' lang='lat' dir='ltr'><strong>conferas¹⁶)</strong></span> 
     </span>
     <span class='ocr_line' id='line_1_7' title="bbox 241 510 1138 580; baseline -0.001 -28"><span class='ocrx_word' id='word_1_42' title='bbox 241 515 346 552; x_wconf 88' lang='lat' dir='ltr'><strong>Paus.</strong></span> <span class='ocrx_word' id='word_1_43' title='bbox 363 515 388 551; x_wconf 91' lang='grc'><strong>1.</strong></span> <span class='ocrx_word' id='word_1_44' title='bbox 404 510 514 559; x_wconf 81' lang='lat'><strong>33‚&#39;6.</strong></span> <span class='ocrx_word' id='word_1_45' title='bbox 544 513 612 551; x_wconf 85' lang='grc' dir='ltr'><strong>καὶ</strong></span> <span class='ocrx_word' id='word_1_46' title='bbox 644 511 648 578; x_wconf 83' lang='grc' dir='ltr'>Ι</span> <span class='ocrx_word' id='word_1_47' title='bbox 724 513 1000 559; x_wconf 84' lang='lat' dir='ltr'><strong>Paus.11.28‚1.</strong></span> <span class='ocrx_word' id='word_1_48' title='bbox 1022 516 1103 551; x_wconf 84' lang='grc' dir='ltr'><strong>Λι-</strong></span> <span class='ocrx_word' id='word_1_49' title='bbox 1134 515 1138 580; x_wconf 47' lang='lat' dir='ltr'>b</span> 
     </span>
    </p>
   </div>
   <div class='ocr_carea' id='block_1_4' title="bbox 186 572 1101 746">
    <p class='ocr_par' dir='ltr' id='par_1_4' title="bbox 186 572 1101 746">
     <span class='ocr_line' id='line_1_8' title="bbox 188 572 1101 629; baseline 0.001 -17"><span class='ocrx_word' id='word_1_50' title='bbox 188 574 290 625; x_wconf 90' lang='grc' dir='ltr'><strong><em>πρὸς</em></strong></span> <span class='ocrx_word' id='word_1_51' title='bbox 308 574 356 628; x_wconf 82' lang='grc' dir='ltr'><strong>τῇ</strong></span> <span class='ocrx_word' id='word_1_52' title='bbox 375 576 483 629; x_wconf 77' lang='grc' dir='ltr'><strong>πηγῇ</strong></span> <span class='ocrx_word' id='word_1_53' title='bbox 502 588 612 624; x_wconf 92' lang='grc' dir='ltr'><strong><em>κρο-</em></strong></span> <span class='ocrx_word' id='word_1_54' title='bbox 679 572 755 625; x_wconf 83' lang='grc' dir='ltr'><strong>βύη</strong></span> <span class='ocrx_word' id='word_1_55' title='bbox 797 575 871 624; x_wconf 82' lang='grc' dir='ltr'><strong><em>μέν</em></strong></span> <span class='ocrx_word' id='word_1_56' title='bbox 916 588 962 621; x_wconf 80' lang='grc' dir='ltr'><strong><em>γε</em></strong></span> <span class='ocrx_word' id='word_1_57' title='bbox 999 572 1101 625; x_wconf 82' lang='grc' dir='ltr'><strong><em>μόνη</em></strong></span> 
     </span>
     <span class='ocr_line' id='line_1_9' title="bbox 188 631 1063 686; baseline 0.001 -13"><span class='ocrx_word' id='word_1_58' title='bbox 188 633 410 673; x_wconf 86' lang='grc' dir='ltr'><strong><em>κόδειλοι</em></strong></span> <span class='ocrx_word' id='word_1_59' title='bbox 460 631 612 686; x_wconf 78' lang='grc' dir='ltr'><strong><em>διπή-</em></strong></span> <span class='ocrx_word' id='word_1_60' title='bbox 714 633 1063 685; x_wconf 79' lang='grc' dir='ltr'><strong><em>κροκοδείλους</em></strong></span> 
     </span>
     <span class='ocr_line' id='line_1_10' title="bbox 186 692 611 746; baseline 0.002 -13"><span class='ocrx_word' id='word_1_61' title='bbox 186 709 308 743; x_wconf 88' lang='grc' dir='ltr'><strong><em>χεων</em></strong></span> <span class='ocrx_word' id='word_1_62' title='bbox 361 692 465 746; x_wconf 83' lang='grc' dir='ltr'><strong><em>ἦσαν</em></strong></span> <span class='ocrx_word' id='word_1_63' title='bbox 522 693 611 734; x_wconf 85' lang='grc' dir='ltr'><strong>οῧκ</strong></span> 
     </span>
    </p>
   </div>
   <div class='ocr_carea' id='block_1_5' title="bbox 1168 515 1593 691">
    <p class='ocr_par' dir='ltr' id='par_1_5' title="bbox 1168 515 1593 691">
     <span class='ocr_line' id='line_1_11' title="bbox 1210 515 1593 558; baseline 0.01 -4"><span class='ocrx_word' id='word_1_64' title='bbox 1210 515 1293 555; x_wconf 82' lang='lat' dir='ltr'><strong>Her.</strong></span> <span class='ocrx_word' id='word_1_65' title='bbox 1310 521 1365 558; x_wconf 81' lang='lat' dir='ltr'><strong>lv.</strong></span> <span class='ocrx_word' id='word_1_66' title='bbox 1386 520 1468 558; x_wconf 85' lang='lat'><strong>122.</strong></span> <span class='ocrx_word' id='word_1_67' title='bbox 1489 520 1593 558; x_wconf 84' lang='grc' dir='ltr'><strong><em>κατὰ</em></strong></span> 
     </span>
     <span class='ocr_line' id='line_1_12' title="bbox 1168 578 1590 631; baseline 0.007 -16"><span class='ocrx_word' id='word_1_68' title='bbox 1168 578 1260 624; x_wconf 84' lang='grc' dir='ltr'><strong><em>τοὺς</em></strong></span> <span class='ocrx_word' id='word_1_69' title='bbox 1299 579 1480 631; x_wconf 78' lang='grc' dir='ltr'><strong><em>νομάδας</em></strong></span> <span class='ocrx_word' id='word_1_70' title='bbox 1521 581 1590 630; x_wconf 83' lang='lat' dir='ltr'><strong>(sc.</strong></span> 
     </span>
     <span class='ocr_line' id='line_1_13' title="bbox 1172 639 1589 691; baseline 0.007 -14"><span class='ocrx_word' id='word_1_71' title='bbox 1172 639 1360 691; x_wconf 83' lang='grc' dir='ltr'><strong><em>Λιβύας)</em></strong></span> <span class='ocrx_word' id='word_1_72' title='bbox 1414 641 1460 680; x_wconf 85' lang='grc' dir='ltr'><strong>δέ</strong></span> <span class='ocrx_word' id='word_1_73' title='bbox 1503 641 1589 680; x_wconf 77' lang='grc' dir='ltr'><strong><em>ἐστι</em></strong></span> 
     </span>
    </p>
   </div>
   <div class='ocr_carea' id='block_1_6' title="bbox 677 696 1589 747">
    <p class='ocr_par' dir='ltr' id='par_1_6' title="bbox 677 696 1589 747">
     <span class='ocr_line' id='line_1_14' title="bbox 677 696 1589 747; baseline 0.008 -14"><span class='ocrx_word' id='word_1_74' title='bbox 677 696 817 746; x_wconf 85' lang='grc' dir='ltr'><strong><em>τρέφει</em></strong></span> <span class='ocrx_word' id='word_1_75' title='bbox 841 698 1101 745; x_wconf 80' lang='grc' dir='ltr'><strong><em>χερσαίους</em></strong></span> <span class='ocrx_word' id='word_1_76' title='bbox 1167 699 1319 740; x_wconf 86' lang='grc' dir='ltr'><strong><em>τούτων</em></strong></span> <span class='ocrx_word' id='word_1_77' title='bbox 1344 699 1473 747; x_wconf 79' lang='grc' dir='ltr'><strong><em>οὐδέν,</em></strong></span> <span class='ocrx_word' id='word_1_78' title='bbox 1501 699 1589 740; x_wconf 77' lang='grc' dir='ltr'><strong>ἀλλ’</strong></span> 
     </span>
    </p>
   </div>
   <div class='ocr_carea' id='block_1_7' title="bbox 188 752 1590 1113">
    <p class='ocr_par' dir='ltr' id='par_1_7' title="bbox 188 752 1590 1113">
     <span class='ocr_line' id='line_1_15' title="bbox 188 752 1588 807; baseline 0.006 -15"><span class='ocrx_word' id='word_1_79' title='bbox 188 753 433 800; x_wconf 78' lang='grc' dir='ltr'><strong><em>ἐλάσσους.</em></strong></span> <span class='ocrx_word' id='word_1_80' title='bbox 710 754 958 806; x_wconf 80' lang='grc' dir='ltr'><em>διπήχεων</em></span> <span class='ocrx_word' id='word_1_81' title='bbox 986 752 1069 794; x_wconf 79' lang='grc' dir='ltr'><strong>οὐκ</strong></span> <span class='ocrx_word' id='word_1_82' title='bbox 1167 758 1271 798; x_wconf 85' lang='grc' dir='ltr'><strong><em>ἄλλα</em></strong></span> <span class='ocrx_word' id='word_1_83' title='bbox 1297 759 1451 807; x_wconf 81' lang='grc' dir='ltr'><strong><em>τοιάδε,</em></strong></span> <span class='ocrx_word' id='word_1_84' title='bbox 1487 790 1588 799; x_wconf 90' lang='grc'><strong>......</strong></span> 
     </span>
     <span class='ocr_line' id='line_1_16' title="bbox 677 812 1589 871; baseline 0.003 -15"><span class='ocrx_word' id='word_1_85' title='bbox 677 812 969 862; x_wconf 72' lang='grc' dir='ltr'><strong><em>ἐλάσσονας,</em></strong></span> <span class='ocrx_word' id='word_1_86' title='bbox 989 816 1102 866; x_wconf 86' lang='grc' dir='ltr'><strong>παρὰ</strong></span> <span class='ocrx_word' id='word_1_87' title='bbox 1167 821 1247 858; x_wconf 80' lang='grc' dir='ltr'><strong>καὶ</strong></span> <span class='ocrx_word' id='word_1_88' title='bbox 1272 821 1589 871; x_wconf 74' lang='grc' dir='ltr'><strong><em>κροκόδειλοι</em></strong></span> 
     </span>
     <span class='ocr_line' id='line_1_17' title="bbox 678 875 1588 932; baseline 0.002 -17"><span class='ocrx_word' id='word_1_89' title='bbox 678 877 724 915; x_wconf 80' lang='grc' dir='ltr'><strong>δὲ</strong></span> <span class='ocrx_word' id='word_1_90' title='bbox 745 875 881 915; x_wconf 69' lang='grc' dir='ltr'><strong><em>Ἰνδῶν</em></strong></span> <span class='ocrx_word' id='word_1_91' title='bbox 909 904 1045 915; x_wconf 87' lang='grc'><strong>......</strong></span> <span class='ocrx_word' id='word_1_92' title='bbox 1168 878 1284 919; x_wconf 81' lang='grc' dir='ltr'><strong><em>ὅσον</em></strong></span> <span class='ocrx_word' id='word_1_93' title='bbox 1324 896 1373 920; x_wconf 80' lang='grc' dir='ltr'><strong><em>τε</em></strong></span> <span class='ocrx_word' id='word_1_94' title='bbox 1413 880 1588 932; x_wconf 83' lang='grc' dir='ltr'><strong><em>τριπή-</em></strong></span> 
     </span>
     <span class='ocr_line' id='line_1_18' title="bbox 1166 949 1590 992; baseline 0 -12"><span class='ocrx_word' id='word_1_95' title='bbox 1166 956 1266 990; x_wconf 82' lang='grc' dir='ltr'><strong><em>χεις</em></strong></span> <span class='ocrx_word' id='word_1_96' title='bbox 1346 949 1590 992; x_wconf 80' lang='grc' dir='ltr'><strong><em>χερσαῖοι,</em></strong></span> 
     </span>
     <span class='ocr_line' id='line_1_19' title="bbox 1166 1002 1590 1055; baseline 0 -15"><span class='ocrx_word' id='word_1_97' title='bbox 1166 1003 1257 1055; x_wconf 79' lang='grc' dir='ltr'><strong><em>τῇσι</em></strong></span> <span class='ocrx_word' id='word_1_98' title='bbox 1278 1002 1449 1052; x_wconf 82' lang='grc' dir='ltr'><strong><em>σαύρῃσι</em></strong></span> <span class='ocrx_word' id='word_1_99' title='bbox 1465 1002 1590 1053; x_wconf 74' lang='grc' dir='ltr'><strong><em>ἐμφε-</em></strong></span> 
     </span>
     <span class='ocr_line' id='line_1_20' title="bbox 1169 1064 1533 1113; baseline 0 -13"><span class='ocrx_word' id='word_1_100' title='bbox 1169 1064 1366 1113; x_wconf 84' lang='grc' dir='ltr'><strong><em>ρέστατοι,</em></strong></span> <span class='ocrx_word' id='word_1_101' title='bbox 1395 1090 1533 1100; x_wconf 88' lang='grc'><strong>......</strong></span> 
     </span>
    </p>
   </div>
   <div class='ocr_carea' id='block_1_8' title="bbox 186 1114 1590 1292">
    <p class='ocr_par' dir='ltr' id='par_1_8' title="bbox 186 1114 1590 1292">
     <span class='ocr_line' id='line_1_21' title="bbox 291 1114 1590 1172; baseline 0.002 -14"><span class='ocrx_word' id='word_1_102' title='bbox 291 1121 497 1170; x_wconf 87' lang='lat' dir='ltr'><strong>Congruere</strong></span> <span class='ocrx_word' id='word_1_103' title='bbox 528 1114 638 1159; x_wconf 80' lang='lat' dir='ltr'><strong>verba</strong></span> <span class='ocrx_word' id='word_1_104' title='bbox 671 1123 909 1160; x_wconf 86' lang='lat' dir='ltr'><strong>manifestum</strong></span> <span class='ocrx_word' id='word_1_105' title='bbox 948 1129 1022 1168; x_wconf 85' lang='lat' dir='ltr'><strong>est,</strong></span> <span class='ocrx_word' id='word_1_106' title='bbox 1060 1124 1129 1160; x_wconf 90' lang='lat' dir='ltr'><strong>nisi</strong></span> <span class='ocrx_word' id='word_1_107' title='bbox 1164 1124 1259 1172; x_wconf 91' lang='lat' dir='ltr'><strong>quod</strong></span> <span class='ocrx_word' id='word_1_108' title='bbox 1294 1124 1493 1172; x_wconf 88' lang='lat' dir='ltr'><strong>paullulum</strong></span> <span class='ocrx_word' id='word_1_109' title='bbox 1528 1136 1590 1161; x_wconf 88' lang='lat' dir='ltr'><strong>va-</strong></span> 
     </span>
     <span class='ocr_line' id='line_1_22' title="bbox 187 1181 1590 1233; baseline 0.004 -16"><span class='ocrx_word' id='word_1_110' title='bbox 187 1181 326 1218; x_wconf 86' lang='lat' dir='ltr'><strong>riantur</strong></span> <span class='ocrx_word' id='word_1_111' title='bbox 354 1193 372 1219; x_wconf 84' lang='lat' dir='ltr'><strong>a</strong></span> <span class='ocrx_word' id='word_1_112' title='bbox 400 1182 602 1230; x_wconf 83' lang='lat' dir='ltr'><strong>periegeta;</strong></span> <span class='ocrx_word' id='word_1_113' title='bbox 644 1194 686 1220; x_wconf 83' lang='lat' dir='ltr'><strong>ex</strong></span> <span class='ocrx_word' id='word_1_114' title='bbox 722 1184 837 1221; x_wconf 90' lang='lat' dir='ltr'><strong>tribus</strong></span> <span class='ocrx_word' id='word_1_115' title='bbox 872 1184 967 1221; x_wconf 86' lang='lat' dir='ltr'><strong>enim</strong></span> <span class='ocrx_word' id='word_1_116' title='bbox 1005 1182 1135 1221; x_wconf 87' lang='lat' dir='ltr'><strong>cubitis</strong></span> <span class='ocrx_word' id='word_1_117' title='bbox 1165 1184 1255 1221; x_wconf 88' lang='lat' dir='ltr'><strong>duos</strong></span> <span class='ocrx_word' id='word_1_118' title='bbox 1285 1184 1388 1228; x_wconf 80' lang='lat' dir='ltr'><strong>fecit,</strong></span> <span class='ocrx_word' id='word_1_119' title='bbox 1430 1196 1499 1233; x_wconf 89' lang='lat' dir='ltr'><strong>qua</strong></span> <span class='ocrx_word' id='word_1_120' title='bbox 1528 1196 1590 1222; x_wconf 89' lang='lat' dir='ltr'><strong>va-</strong></span> 
     </span>
     <span class='ocr_line' id='line_1_23' title="bbox 186 1242 1587 1292; baseline 0.003 -14"><span class='ocrx_word' id='word_1_121' title='bbox 186 1242 338 1278; x_wconf 89' lang='lat' dir='ltr'><strong>riatione</strong></span> <span class='ocrx_word' id='word_1_122' title='bbox 368 1243 505 1280; x_wconf 90' lang='lat' dir='ltr'><strong>minuta</strong></span> <span class='ocrx_word' id='word_1_123' title='bbox 533 1248 720 1292; x_wconf 86' lang='lat' dir='ltr'><strong>tantopere</strong></span> <span class='ocrx_word' id='word_1_124' title='bbox 750 1245 916 1282; x_wconf 87' lang='lat' dir='ltr'><strong>delectari</strong></span> <span class='ocrx_word' id='word_1_125' title='bbox 945 1244 1096 1288; x_wconf 87' lang='lat' dir='ltr'><strong>videtur,</strong></span> <span class='ocrx_word' id='word_1_126' title='bbox 1129 1250 1168 1281; x_wconf 91' lang='lat' dir='ltr'><strong>ut</strong></span> <span class='ocrx_word' id='word_1_127' title='bbox 1187 1245 1295 1282; x_wconf 86' lang='lat' dir='ltr'><strong>verba</strong></span> <span class='ocrx_word' id='word_1_128' title='bbox 1323 1246 1362 1282; x_wconf 91' lang='lat' dir='ltr'><strong>in</strong></span> <span class='ocrx_word' id='word_1_129' title='bbox 1384 1245 1587 1282; x_wconf 88' lang='lat' dir='ltr'><strong>Corinthia-</strong></span> 
     </span>
    </p>
   </div>
   <div class='ocr_carea' id='block_1_9' title="bbox 181 1302 858 2080">
    <p class='ocr_par' dir='ltr' id='par_1_9' title="bbox 185 1302 517 1350">
     <span class='ocr_line' id='line_1_24' title="bbox 185 1302 517 1350; baseline -0.003 -11"><span class='ocrx_word' id='word_1_130' title='bbox 185 1302 235 1339; x_wconf 87' lang='lat' dir='ltr'><strong>cis</strong></span> <span class='ocrx_word' id='word_1_131' title='bbox 263 1302 517 1350; x_wconf 60' lang='lat' dir='ltr'><strong>repeteretfl).</strong></span> 
     </span>
    </p>

    <p class='ocr_par' dir='ltr' id='par_1_10' title="bbox 181 1362 858 2080">
     <span class='ocr_line' id='line_1_25' title="bbox 238 1362 857 1409; baseline 0.002 -9"><span class='ocrx_word' id='word_1_132' title='bbox 238 1363 274 1402; x_wconf 88' lang='grc'><strong>3.</strong></span> <span class='ocrx_word' id='word_1_133' title='bbox 320 1363 425 1400; x_wconf 84' lang='lat' dir='ltr'><strong>Paus.</strong></span> <span class='ocrx_word' id='word_1_134' title='bbox 453 1363 478 1399; x_wconf 90' lang='lat' dir='ltr'><strong>l.</strong></span> <span class='ocrx_word' id='word_1_135' title='bbox 508 1364 569 1409; x_wconf 87' lang='lat'><strong>43,</strong></span> <span class='ocrx_word' id='word_1_136' title='bbox 599 1366 629 1401; x_wconf 89' lang='lat'><strong>1.</strong></span> <span class='ocrx_word' id='word_1_137' title='bbox 688 1362 784 1401; x_wconf 84' lang='grc' dir='ltr'><strong><em>οῖδα</em></strong></span> <span class='ocrx_word' id='word_1_138' title='bbox 811 1362 857 1402; x_wconf 78' lang='grc' dir='ltr'><strong>δὲ</strong></span> 
     </span>
     <span class='ocr_line' id='line_1_26' title="bbox 181 1421 851 1474; baseline 0 -13"><span class='ocrx_word' id='word_1_139' title='bbox 181 1421 372 1462; x_wconf 78' lang='grc' dir='ltr'><strong><em>Ἡσίοδον</em></strong></span> <span class='ocrx_word' id='word_1_140' title='bbox 405 1423 637 1474; x_wconf 84' lang='grc' dir='ltr'><strong><em>ποιήσαντα</em></strong></span> <span class='ocrx_word' id='word_1_141' title='bbox 664 1424 708 1463; x_wconf 80' lang='grc' dir='ltr'><strong><em>ἕν</em></strong></span> <span class='ocrx_word' id='word_1_142' title='bbox 735 1439 851 1462; x_wconf 86' lang='grc' dir='ltr'><strong><em>κατα-</em></strong></span> 
     </span>
     <span class='ocr_line' id='line_1_27' title="bbox 186 1481 855 1535; baseline 0.001 -14"><span class='ocrx_word' id='word_1_143' title='bbox 186 1481 293 1534; x_wconf 83' lang='grc' dir='ltr'><strong><em>λόγῳ</em></strong></span> <span class='ocrx_word' id='word_1_144' title='bbox 312 1484 513 1531; x_wconf 80' lang='grc' dir='ltr'><strong><em>γυναικῶν</em></strong></span> <span class='ocrx_word' id='word_1_145' title='bbox 526 1481 766 1535; x_wconf 80' lang='grc' dir='ltr'><strong><em>Ἰφιγένειαν</em></strong></span> <span class='ocrx_word' id='word_1_146' title='bbox 786 1481 855 1523; x_wconf 82' lang='grc' dir='ltr'><strong>οὔκ</strong></span> 
     </span>
     <span class='ocr_line' id='line_1_28' title="bbox 186 1541 855 1597; baseline 0.003 -15"><span class='ocrx_word' id='word_1_147' title='bbox 186 1541 434 1591; x_wconf 71' lang='grc' dir='ltr'><strong><em>ἀποθανεῖν,</em></strong></span> <span class='ocrx_word' id='word_1_148' title='bbox 472 1543 608 1597; x_wconf 77' lang='grc' dir='ltr'><strong><em>γνώμῃ</em></strong></span> <span class='ocrx_word' id='word_1_149' title='bbox 643 1545 688 1584; x_wconf 78' lang='grc' dir='ltr'><strong>δὲ</strong></span> <span class='ocrx_word' id='word_1_150' title='bbox 720 1543 855 1595; x_wconf 72' lang='grc' dir='ltr'><strong><em>Ἀρτέ-</em></strong></span> 
     </span>
     <span class='ocr_line' id='line_1_29' title="bbox 184 1604 855 1657; baseline 0.001 -14"><span class='ocrx_word' id='word_1_151' title='bbox 184 1604 304 1654; x_wconf 83' lang='grc' dir='ltr'><strong><em>μιδος</em></strong></span> <span class='ocrx_word' id='word_1_152' title='bbox 320 1604 485 1657; x_wconf 82' lang='grc' dir='ltr'><strong><em>Ἑκάτην</em></strong></span> <span class='ocrx_word' id='word_1_153' title='bbox 504 1607 621 1645; x_wconf 81' lang='grc' dir='ltr'><strong><em>εἶναι.</em></strong></span> <span class='ocrx_word' id='word_1_154' title='bbox 661 1606 802 1646; x_wconf 90' lang='grc' dir='ltr'><strong><em>τούτο</em></strong></span> <span class='ocrx_word' id='word_1_155' title='bbox 814 1621 855 1652; x_wconf 90' lang='grc' dir='ltr'><strong>ις</strong></span> 
     </span>
     <span class='ocr_line' id='line_1_30' title="bbox 185 1663 856 1719; baseline 0.004 -15"><span class='ocrx_word' id='word_1_156' title='bbox 185 1663 238 1705; x_wconf 77' lang='grc' dir='ltr'><strong>δὲ</strong></span> <span class='ocrx_word' id='word_1_157' title='bbox 260 1665 520 1717; x_wconf 69' lang='grc' dir='ltr'><strong><em>“Ηρο’δοτος</em></strong></span> <span class='ocrx_word' id='word_1_158' title='bbox 553 1666 856 1719; x_wconf 79' lang='grc' dir='ltr'><strong><em>ὁμολογοῦν-</em></strong></span> 
     </span>
     <span class='ocr_line' id='line_1_31' title="bbox 183 1726 857 1779; baseline 0.004 -16"><span class='ocrx_word' id='word_1_159' title='bbox 183 1739 243 1764; x_wconf 88' lang='grc' dir='ltr'><strong>τα</strong></span> <span class='ocrx_word' id='word_1_160' title='bbox 271 1726 486 1778; x_wconf 80' lang='grc' dir='ltr'><strong><em>ἔγραψε,</em></strong></span> <span class='ocrx_word' id='word_1_161' title='bbox 522 1727 739 1779; x_wconf 87' lang='grc' dir='ltr'><strong><em>Ταύρους</em></strong></span> <span class='ocrx_word' id='word_1_162' title='bbox 765 1727 857 1772; x_wconf 82' lang='grc' dir='ltr'><strong><em>τοὺς</em></strong></span> 
     </span>
     <span class='ocr_line' id='line_1_32' title="bbox 186 1785 856 1844; baseline 0.001 -19"><span class='ocrx_word' id='word_1_163' title='bbox 186 1785 288 1837; x_wconf 78' lang='grc' dir='ltr'><strong><em>πρός</em></strong></span> <span class='ocrx_word' id='word_1_164' title='bbox 302 1790 349 1841; x_wconf 79' lang='grc' dir='ltr'><strong>τῇ</strong></span> <span class='ocrx_word' id='word_1_165' title='bbox 364 1790 550 1844; x_wconf 83' lang='grc' dir='ltr'><strong><em>Σκυθικῇ</em></strong></span> <span class='ocrx_word' id='word_1_166' title='bbox 569 1789 715 1828; x_wconf 87' lang='grc' dir='ltr'><strong><em>θύειν</em></strong></span> <span class='ocrx_word' id='word_1_167' title='bbox 734 1802 856 1838; x_wconf 90' lang='grc' dir='ltr'><strong><em>παρ-</em></strong></span> 
     </span>
     <span class='ocr_line' id='line_1_33' title="bbox 184 1848 855 1900; baseline 0.004 -16"><span class='ocrx_word' id='word_1_168' title='bbox 184 1848 312 1899; x_wconf 84' lang='grc' dir='ltr'><strong><em>θένῳ</em></strong></span> <span class='ocrx_word' id='word_1_169' title='bbox 340 1848 454 1894; x_wconf 80' lang='grc' dir='ltr'><strong><em>τοὺς</em></strong></span> <span class='ocrx_word' id='word_1_170' title='bbox 481 1849 743 1897; x_wconf 77' lang='grc' dir='ltr'><strong><em>ναυαγούς,</em></strong></span> <span class='ocrx_word' id='word_1_171' title='bbox 765 1849 855 1900; x_wconf 85' lang='grc' dir='ltr'><strong>φά-</strong></span> 
     </span>
     <span class='ocr_line' id='line_1_34' title="bbox 184 1906 858 1961; baseline 0.006 -17"><span class='ocrx_word' id='word_1_172' title='bbox 184 1920 262 1945; x_wconf 90' lang='grc' dir='ltr'><strong>ναι</strong></span> <span class='ocrx_word' id='word_1_173' title='bbox 299 1908 352 1947; x_wconf 79' lang='grc' dir='ltr'><strong>δὲ</strong></span> <span class='ocrx_word' id='word_1_174' title='bbox 390 1906 568 1954; x_wconf 80' lang='grc' dir='ltr'><strong><em>αὐτοὺς</em></strong></span> <span class='ocrx_word' id='word_1_175' title='bbox 605 1909 689 1961; x_wconf 74' lang='grc' dir='ltr'><strong><em>τήν</em></strong></span> <span class='ocrx_word' id='word_1_176' title='bbox 725 1923 858 1961; x_wconf 90' lang='grc' dir='ltr'><strong><em>παρ-</em></strong></span> 
     </span>
     <span class='ocr_line' id='line_1_35' title="bbox 183 1966 858 2021; baseline 0.004 -16"><span class='ocrx_word' id='word_1_177' title='bbox 183 1969 335 2008; x_wconf 84' lang='grc' dir='ltr'><strong><em>θένον</em></strong></span> <span class='ocrx_word' id='word_1_178' title='bbox 382 1966 675 2021; x_wconf 80' lang='grc' dir='ltr'><strong><em>Ἰφιγένειαν</em></strong></span> <span class='ocrx_word' id='word_1_179' title='bbox 728 1971 858 2009; x_wconf 82' lang='grc' dir='ltr'><strong><em>εἶναι</em></strong></span> 
     </span>
     <span class='ocr_line' id='line_1_36' title="bbox 186 2027 663 2080; baseline 0.008 -15"><span class='ocrx_word' id='word_1_180' title='bbox 186 2028 271 2079; x_wconf 77' lang='grc' dir='ltr'><strong><em>τὴν</em></strong></span> <span class='ocrx_word' id='word_1_181' title='bbox 292 2027 663 2080; x_wconf 73' lang='grc' dir='ltr'><strong><em>Ἀγαμέμνονος.</em></strong></span> 
     </span>
    </p>
   </div>
   <div class='ocr_carea' id='block_1_10' title="bbox 186 2120 445 2127">
    <p class='ocr_par' dir='ltr' id='par_1_11' title="bbox 186 2120 445 2127">
     <span class='ocr_line' id='line_1_37' title="bbox 186 2120 445 2127; baseline 0 0"><span class='ocrx_word' id='word_1_182' title='bbox 186 2120 445 2127; x_wconf 95' lang='lat' dir='ltr'><strong> </strong></span> 
     </span>
    </p>
   </div>
   <div class='ocr_carea' id='block_1_11' title="bbox 912 1363 1632 1900">
    <p class='ocr_par' dir='ltr' id='par_1_12' title="bbox 912 1363 1632 1900">
     <span class='ocr_line' id='line_1_38' title="bbox 969 1363 1632 1414; baseline 0.006 -13"><span class='ocrx_word' id='word_1_183' title='bbox 969 1365 1051 1402; x_wconf 87' lang='lat' dir='ltr'><strong>Her.</strong></span> <span class='ocrx_word' id='word_1_184' title='bbox 1066 1364 1121 1402; x_wconf 91' lang='lat' dir='ltr'><strong>IV.</strong></span> <span class='ocrx_word' id='word_1_185' title='bbox 1146 1364 1229 1401; x_wconf 85' lang='lat'>103.</span> <span class='ocrx_word' id='word_1_186' title='bbox 1252 1363 1510 1414; x_wconf 85' lang='grc' dir='ltr'><strong><em>(Ταῦροι).</em></strong></span> <span class='ocrx_word' id='word_1_187' title='bbox 1528 1394 1536 1402; x_wconf 91' lang='grc'><strong>.</strong></span> <span class='ocrx_word' id='word_1_188' title='bbox 1554 1393 1588 1403; x_wconf 87' lang='grc'><strong>..</strong></span> <span class='ocrx_word' id='word_1_189' title='bbox 1612 1374 1632 1406; x_wconf 87' lang='grc'><strong>3</strong></span> 
     </span>
     <span class='ocr_line' id='line_1_39' title="bbox 916 1422 1591 1477; baseline 0.001 -15"><span class='ocrx_word' id='word_1_190' title='bbox 916 1423 1096 1462; x_wconf 84' lang='grc' dir='ltr'><strong><em>θύουσι</em></strong></span> <span class='ocrx_word' id='word_1_191' title='bbox 1134 1422 1217 1473; x_wconf 81' lang='grc' dir='ltr'><strong><em>μὲν</em></strong></span> <span class='ocrx_word' id='word_1_192' title='bbox 1256 1424 1308 1477; x_wconf 78' lang='grc' dir='ltr'><strong>τῇ</strong></span> <span class='ocrx_word' id='word_1_193' title='bbox 1348 1426 1591 1475; x_wconf 83' lang='grc' dir='ltr'><strong><em>παρθένῳ</em></strong></span> 
     </span>
     <span class='ocr_line' id='line_1_40' title="bbox 916 1482 1593 1534; baseline 0.003 -12"><span class='ocrx_word' id='word_1_194' title='bbox 916 1482 1026 1528; x_wconf 88' lang='grc' dir='ltr'><strong><em>τούς</em></strong></span> <span class='ocrx_word' id='word_1_195' title='bbox 1052 1498 1101 1522; x_wconf 87' lang='grc' dir='ltr'><strong><em>τε</em></strong></span> <span class='ocrx_word' id='word_1_196' title='bbox 1129 1483 1372 1534; x_wconf 79' lang='grc' dir='ltr'><strong><em>ναυηγοὺς</em></strong></span> <span class='ocrx_word' id='word_1_197' title='bbox 1404 1484 1472 1522; x_wconf 87' lang='grc' dir='ltr'><strong>καὶ</strong></span> <span class='ocrx_word' id='word_1_198' title='bbox 1500 1484 1593 1530; x_wconf 85' lang='grc' dir='ltr'><strong><em>τούς</em></strong></span> 
     </span>
     <span class='ocr_line' id='line_1_41' title="bbox 917 1542 1591 1595; baseline 0.003 -13"><span class='ocrx_word' id='word_1_199' title='bbox 917 1544 967 1583; x_wconf 82' lang='grc' dir='ltr'><strong><em>ἄν</em></strong></span> <span class='ocrx_word' id='word_1_200' title='bbox 1006 1544 1165 1595; x_wconf 83' lang='grc' dir='ltr'><strong><em>λάβωσι</em></strong></span> <span class='ocrx_word' id='word_1_201' title='bbox 1206 1542 1403 1595; x_wconf 86' lang='grc' dir='ltr'><strong><em>Ἑλλήνων</em></strong></span> <span class='ocrx_word' id='word_1_202' title='bbox 1438 1544 1591 1584; x_wconf 74' lang='grc' dir='ltr'><strong><em>ἐπανα-</em></strong></span> 
     </span>
     <span class='ocr_line' id='line_1_42' title="bbox 916 1604 1590 1658; baseline 0.001 -14"><span class='ocrx_word' id='word_1_203' title='bbox 916 1608 1083 1655; x_wconf 83' lang='grc' dir='ltr'><strong><em>χθέντες</em></strong></span> <span class='ocrx_word' id='word_1_204' title='bbox 1102 1604 1240 1657; x_wconf 84' lang='grc' dir='ltr'><strong><em>τρόπῳ</em></strong></span> <span class='ocrx_word' id='word_1_205' title='bbox 1259 1605 1426 1658; x_wconf 78' lang='grc' dir='ltr'><strong><em>τοιῷδε·</em></strong></span> <span class='ocrx_word' id='word_1_206' title='bbox 1453 1635 1590 1645; x_wconf 91' lang='grc'><strong>......</strong></span> 
     </span>
     <span class='ocr_line' id='line_1_43' title="bbox 916 1666 1590 1719; baseline 0 -13"><span class='ocrx_word' id='word_1_207' title='bbox 916 1667 1000 1719; x_wconf 77' lang='grc' dir='ltr'><strong><em>τὴν</em></strong></span> <span class='ocrx_word' id='word_1_208' title='bbox 1041 1666 1096 1706; x_wconf 84' lang='grc' dir='ltr'><strong>δέ</strong></span> <span class='ocrx_word' id='word_1_209' title='bbox 1139 1666 1354 1717; x_wconf 81' lang='grc' dir='ltr'><strong><em>δαίμονα</em></strong></span> <span class='ocrx_word' id='word_1_210' title='bbox 1390 1666 1590 1719; x_wconf 77' lang='grc' dir='ltr'><strong><em>ταύτην,</em></strong></span> 
     </span>
     <span class='ocr_line' id='line_1_44' title="bbox 917 1724 1591 1783; baseline 0 -16"><span class='ocrx_word' id='word_1_211' title='bbox 917 1729 971 1783; x_wconf 76' lang='grc' dir='ltr'><strong>τῇ</strong></span> <span class='ocrx_word' id='word_1_212' title='bbox 990 1724 1198 1773; x_wconf 79' lang='grc' dir='ltr'><strong><em>θύουσι,</em></strong></span> <span class='ocrx_word' id='word_1_213' title='bbox 1230 1727 1429 1774; x_wconf 81' lang='grc' dir='ltr'><strong><em>λέγουσι</em></strong></span> <span class='ocrx_word' id='word_1_214' title='bbox 1449 1726 1591 1767; x_wconf 83' lang='grc' dir='ltr'><strong><em>αὐτοὶ</em></strong></span> 
     </span>
     <span class='ocr_line' id='line_1_45' title="bbox 924 1786 1592 1840; baseline 0 -13"><span class='ocrx_word' id='word_1_215' title='bbox 924 1789 1120 1839; x_wconf 87' lang='grc' dir='ltr'><strong><em>Ταῦροι</em></strong></span> <span class='ocrx_word' id='word_1_216' title='bbox 1160 1786 1459 1839; x_wconf 81' lang='grc' dir='ltr'><strong><em>Ἰφιγένειαν</em></strong></span> <span class='ocrx_word' id='word_1_217' title='bbox 1503 1789 1592 1840; x_wconf 78' lang='grc' dir='ltr'><strong><em>τὴν</em></strong></span> 
     </span>
     <span class='ocr_line' id='line_1_46' title="bbox 912 1847 1447 1900; baseline -0.004 -12"><span class='ocrx_word' id='word_1_218' title='bbox 912 1847 1269 1900; x_wconf 73' lang='grc' dir='ltr'><strong><em>Ἀγαμέμνονος</em></strong></span> <span class='ocrx_word' id='word_1_219' title='bbox 1298 1849 1447 1888; x_wconf 79' lang='grc' dir='ltr'><strong><em>εἶναι.</em></strong></span> 
     </span>
    </p>
   </div>
   <div class='ocr_carea' id='block_1_12' title="bbox 183 2170 1589 2414">
    <p class='ocr_par' dir='ltr' id='par_1_13' title="bbox 183 2170 1589 2306">
     <span class='ocr_line' id='line_1_47' title="bbox 266 2170 1589 2217; baseline 0.003 -13"><span class='ocrx_word' id='word_1_220' title='bbox 266 2174 308 2212; x_wconf 75' lang='lat'><strong>²⁵)</strong></span> <span class='ocrx_word' id='word_1_221' title='bbox 337 2170 439 2208; x_wconf 71' lang='grc' dir='ltr'><strong><em>οὕτως</em></strong></span> <span class='ocrx_word' id='word_1_222' title='bbox 466 2175 634 2209; x_wconf 77' lang='grc' dir='ltr'><strong><em>Αἰθίοπες</em></strong></span> <span class='ocrx_word' id='word_1_223' title='bbox 665 2175 809 2216; x_wconf 78' lang='grc' dir='ltr'><strong><em>ποταμῷ</em></strong></span> <span class='ocrx_word' id='word_1_224' title='bbox 838 2184 876 2215; x_wconf 79' lang='grc' dir='ltr'><strong><em>γε</em></strong></span> <span class='ocrx_word' id='word_1_225' title='bbox 903 2171 1015 2207; x_wconf 77' lang='grc' dir='ltr'><strong><em>οὐδενὶ</em></strong></span> <span class='ocrx_word' id='word_1_226' title='bbox 1039 2177 1282 2217; x_wconf 83' lang='grc' dir='ltr'><strong><em>προσοικοῦσιν</em></strong></span> <span class='ocrx_word' id='word_1_227' title='bbox 1308 2172 1465 2217; x_wconf 80' lang='grc' dir='ltr'><strong><em>Ὠκεανῷ.</em></strong></span> <span class='ocrx_word' id='word_1_228' title='bbox 1511 2178 1589 2217; x_wconf 89' lang='lat' dir='ltr'><strong>quod</strong></span> 
     </span>
     <span class='ocr_line' id='line_1_48' title="bbox 183 2218 1589 2265; baseline 0.004 -14"><span class='ocrx_word' id='word_1_229' title='bbox 183 2227 231 2252; x_wconf 80' lang='lat' dir='ltr'><strong>est</strong></span> <span class='ocrx_word' id='word_1_230' title='bbox 252 2218 272 2261; x_wconf 82' lang='grc' dir='ltr'>ἢ</span> <span class='ocrx_word' id='word_1_231' title='bbox 294 2224 326 2253; x_wconf 88' lang='lat' dir='ltr'><strong>in</strong></span> <span class='ocrx_word' id='word_1_232' title='bbox 349 2224 508 2254; x_wconf 87' lang='lat' dir='ltr'><strong>codicibus</strong></span> <span class='ocrx_word' id='word_1_233' title='bbox 531 2229 603 2254; x_wconf 78' lang='lat' dir='ltr'><strong>aute</strong></span> <span class='ocrx_word' id='word_1_234' title='bbox 624 2224 754 2255; x_wconf 81' lang='lat' dir='ltr'><strong>verbum</strong></span> <span class='ocrx_word' id='word_1_235' title='bbox 771 2222 917 2264; x_wconf 83' lang='grc' dir='ltr'><strong><em>Ὠκεανῷ</em></strong></span> <span class='ocrx_word' id='word_1_236' title='bbox 936 2234 1004 2255; x_wconf 83' lang='lat' dir='ltr'><strong>cum</strong></span> <span class='ocrx_word' id='word_1_237' title='bbox 1026 2225 1088 2255; x_wconf 84' lang='lat' dir='ltr'><strong>iam</strong></span> <span class='ocrx_word' id='word_1_238' title='bbox 1106 2225 1262 2255; x_wconf 82' lang='lat' dir='ltr'><strong>Siebelius</strong></span> <span class='ocrx_word' id='word_1_239' title='bbox 1283 2235 1339 2256; x_wconf 91' lang='lat' dir='ltr'><strong>suo</strong></span> <span class='ocrx_word' id='word_1_240' title='bbox 1364 2227 1431 2256; x_wconf 82' lang='lat' dir='ltr'><strong>iure</strong></span> <span class='ocrx_word' id='word_1_241' title='bbox 1451 2227 1589 2265; x_wconf 81' lang='lat' dir='ltr'><strong>eiecerit,</strong></span> 
     </span>
     <span class='ocr_line' id='line_1_49' title="bbox 185 2272 1001 2306; baseline 0.004 -4"><span class='ocrx_word' id='word_1_242' title='bbox 185 2272 297 2303; x_wconf 86' lang='lat' dir='ltr'><strong>mirum</strong></span> <span class='ocrx_word' id='word_1_243' title='bbox 320 2277 369 2304; x_wconf 87' lang='lat' dir='ltr'><strong>est</strong></span> <span class='ocrx_word' id='word_1_244' title='bbox 390 2273 562 2304; x_wconf 84' lang='lat' dir='ltr'><strong>Bekkerum</strong></span> <span class='ocrx_word' id='word_1_245' title='bbox 583 2273 788 2305; x_wconf 78' lang='lat' dir='ltr'><strong>Schubartum</strong></span> <span class='ocrx_word' id='word_1_246' title='bbox 809 2274 1001 2306; x_wconf 79' lang='lat' dir='ltr'><strong>restituisse.</strong></span> 
     </span>
    </p>

    <p class='ocr_par' dir='ltr' id='par_1_14' title="bbox 184 2323 1588 2414">
     <span class='ocr_line' id='line_1_50' title="bbox 266 2323 1588 2364; baseline 0.002 -10"><span class='ocrx_word' id='word_1_247' title='bbox 266 2323 303 2362; x_wconf 79' lang='lat'><strong>¹⁸)</strong></span> <span class='ocrx_word' id='word_1_248' title='bbox 326 2324 528 2364; x_wconf 77' lang='lat' dir='ltr'><strong>Comparavit</strong></span> <span class='ocrx_word' id='word_1_249' title='bbox 554 2324 616 2355; x_wconf 80' lang='lat' dir='ltr'><strong>iam</strong></span> <span class='ocrx_word' id='word_1_250' title='bbox 647 2324 718 2355; x_wconf 81' lang='lat' dir='ltr'><strong>Her.</strong></span> <span class='ocrx_word' id='word_1_251' title='bbox 735 2324 786 2356; x_wconf 93' lang='lat' dir='ltr'><strong>1v.</strong></span> <span class='ocrx_word' id='word_1_252' title='bbox 807 2325 864 2356; x_wconf 83' lang='lat'><strong>192</strong></span> <span class='ocrx_word' id='word_1_253' title='bbox 894 2335 963 2355; x_wconf 80' lang='lat' dir='ltr'><strong>cum</strong></span> <span class='ocrx_word' id='word_1_254' title='bbox 993 2326 1082 2356; x_wconf 82' lang='lat' dir='ltr'><strong>Paus.</strong></span> <span class='ocrx_word' id='word_1_255' title='bbox 1098 2324 1133 2356; x_wconf 89' lang='grc' dir='ltr'><strong>ΙΙ.</strong></span> <span class='ocrx_word' id='word_1_256' title='bbox 1153 2326 1204 2363; x_wconf 86' lang='grc'><strong>28,</strong></span> <span class='ocrx_word' id='word_1_257' title='bbox 1223 2326 1250 2356; x_wconf 90' lang='grc'><strong>1.</strong></span> <span class='ocrx_word' id='word_1_258' title='bbox 1295 2326 1331 2356; x_wconf 92' lang='grc' dir='ltr'><strong>Ο.</strong></span> <span class='ocrx_word' id='word_1_259' title='bbox 1361 2326 1534 2357; x_wconf 81' lang='lat' dir='ltr'><strong>Pfundtner</strong></span> <span class='ocrx_word' id='word_1_260' title='bbox 1557 2327 1588 2357; x_wconf 86' lang='lat' dir='ltr'><strong>in</strong></span> 
     </span>
     <span class='ocr_line' id='line_1_51' title="bbox 184 2369 1588 2414; baseline 0.004 -13"><span class='ocrx_word' id='word_1_261' title='bbox 184 2369 342 2402; x_wconf 79' lang='lat' dir='ltr'><strong>Fleckeis.</strong></span> <span class='ocrx_word' id='word_1_262' title='bbox 373 2383 443 2403; x_wconf 80' lang='lat' dir='ltr'><strong>ann.</strong></span> <span class='ocrx_word' id='word_1_263' title='bbox 473 2374 494 2403; x_wconf 89' lang='lat'><strong>1.</strong></span> <span class='ocrx_word' id='word_1_264' title='bbox 517 2373 549 2411; x_wconf 90' lang='lat' dir='ltr'><strong>l.‚</strong></span> <span class='ocrx_word' id='word_1_265' title='bbox 578 2374 631 2403; x_wconf 91' lang='lat' dir='ltr'><strong>ubi</strong></span> <span class='ocrx_word' id='word_1_266' title='bbox 664 2383 762 2414; x_wconf 77' lang='lat' dir='ltr'><strong>pauca</strong></span> <span class='ocrx_word' id='word_1_267' title='bbox 798 2375 961 2414; x_wconf 84' lang='lat' dir='ltr'><strong>proposuit</strong></span> <span class='ocrx_word' id='word_1_268' title='bbox 996 2384 1073 2414; x_wconf 81' lang='lat' dir='ltr'><strong>quae</strong></span> <span class='ocrx_word' id='word_1_269' title='bbox 1109 2384 1147 2404; x_wconf 84' lang='lat' dir='ltr'><strong>ex</strong></span> <span class='ocrx_word' id='word_1_270' title='bbox 1178 2375 1334 2406; x_wconf 87' lang='lat' dir='ltr'><strong>Herodoto</strong></span> <span class='ocrx_word' id='word_1_271' title='bbox 1367 2377 1497 2407; x_wconf 84' lang='lat' dir='ltr'><strong>fluxisse</strong></span> <span class='ocrx_word' id='word_1_272' title='bbox 1527 2377 1588 2407; x_wconf 92' lang='lat' dir='ltr'><strong>sibi</strong></span> 
     </span>
    </p>
   </div>
   <div class='ocr_carea' id='block_1_13' title="bbox 183 2419 391 2453">
    <p class='ocr_par' dir='ltr' id='par_1_15' title="bbox 183 2419 391 2453">
     <span class='ocr_line' id='line_1_52' title="bbox 183 2419 391 2453; baseline 0.014 -3"><span class='ocrx_word' id='word_1_273' title='bbox 183 2419 251 2451; x_wconf 82' lang='lat' dir='ltr'><strong>visa</strong></span> <span class='ocrx_word' id='word_1_274' title='bbox 275 2427 391 2453; x_wconf 84' lang='lat' dir='ltr'><strong>essent.</strong></span> 
     </span>
    </p>
   </div>
   <div class='ocr_carea' id='block_1_14' title="bbox 182 2470 1590 2617">
    <p class='ocr_par' dir='ltr' id='par_1_16' title="bbox 182 2470 1590 2617">
     <span class='ocr_line' id='line_1_53' title="bbox 265 2470 1587 2515; baseline 0.004 -13"><span class='ocrx_word' id='word_1_275' title='bbox 265 2470 304 2508; x_wconf 83' lang='grc' dir='ltr'><strong>ι”)</strong></span> <span class='ocrx_word' id='word_1_276' title='bbox 331 2472 454 2503; x_wconf 89' lang='lat' dir='ltr'><strong>Similis</strong></span> <span class='ocrx_word' id='word_1_277' title='bbox 490 2474 672 2503; x_wconf 75' lang='lat' dir='ltr'><strong>mutationis</strong></span> <span class='ocrx_word' id='word_1_278' title='bbox 702 2474 872 2513; x_wconf 78' lang='lat' dir='ltr'><strong>exemplum</strong></span> <span class='ocrx_word' id='word_1_279' title='bbox 895 2474 927 2504; x_wconf 90' lang='lat' dir='ltr'><strong>in</strong></span> <span class='ocrx_word' id='word_1_280' title='bbox 952 2474 1152 2514; x_wconf 85' lang='lat' dir='ltr'><strong>sequentibus</strong></span> <span class='ocrx_word' id='word_1_281' title='bbox 1178 2484 1357 2513; x_wconf 78' lang='lat' dir='ltr'><strong>proponam.</strong></span> <span class='ocrx_word' id='word_1_282' title='bbox 1405 2476 1444 2506; x_wconf 85' lang='lat' dir='ltr'><strong>cf.</strong></span> <span class='ocrx_word' id='word_1_283' title='bbox 1469 2486 1534 2515; x_wconf 79' lang='lat' dir='ltr'><strong>cap.</strong></span> <span class='ocrx_word' id='word_1_284' title='bbox 1551 2477 1587 2508; x_wconf 91' lang='lat'><strong>11.</strong></span> 
     </span>
     <span class='ocr_line' id='line_1_54' title="bbox 182 2519 1590 2564; baseline 0.006 -16"><span class='ocrx_word' id='word_1_285' title='bbox 182 2526 211 2547; x_wconf 90' lang='lat' dir='ltr'><strong>n.</strong></span> <span class='ocrx_word' id='word_1_286' title='bbox 235 2519 284 2549; x_wconf 91' lang='lat'><strong>88.</strong></span> <span class='ocrx_word' id='word_1_287' title='bbox 327 2520 410 2551; x_wconf 85' lang='lat' dir='ltr'><strong>Fons</strong></span> <span class='ocrx_word' id='word_1_288' title='bbox 433 2522 676 2561; x_wconf 75' lang='lat' dir='ltr'><strong>geographicas,</strong></span> <span class='ocrx_word' id='word_1_289' title='bbox 709 2532 766 2562; x_wconf 88' lang='lat' dir='ltr'><strong>quo</strong></span> <span class='ocrx_word' id='word_1_290' title='bbox 790 2527 914 2563; x_wconf 74' lang='lat' dir='ltr'><strong>praeter</strong></span> <span class='ocrx_word' id='word_1_291' title='bbox 937 2523 1127 2554; x_wconf 83' lang='lat' dir='ltr'><strong>Herodotum</strong></span> <span class='ocrx_word' id='word_1_292' title='bbox 1151 2532 1226 2554; x_wconf 90' lang='lat' dir='ltr'><strong>usus</strong></span> <span class='ocrx_word' id='word_1_293' title='bbox 1250 2528 1299 2554; x_wconf 82' lang='lat' dir='ltr'><strong>est</strong></span> <span class='ocrx_word' id='word_1_294' title='bbox 1322 2525 1493 2564; x_wconf 78' lang='lat' dir='ltr'><strong>periegeta‚</strong></span> <span class='ocrx_word' id='word_1_295' title='bbox 1522 2525 1590 2556; x_wconf 72' lang='lat' dir='ltr'><strong>for-</strong></span> 
     </span>
     <span class='ocr_line' id='line_1_55' title="bbox 184 2566 1589 2617; baseline 0.006 -18"><span class='ocrx_word' id='word_1_296' title='bbox 184 2566 264 2599; x_wconf 72' lang='lat' dir='ltr'><strong>sitan</strong></span> <span class='ocrx_word' id='word_1_297' title='bbox 291 2570 509 2602; x_wconf 83' lang='lat' dir='ltr'><strong>Artemidorus</strong></span> <span class='ocrx_word' id='word_1_298' title='bbox 533 2570 631 2603; x_wconf 87' lang='lat' dir='ltr'><strong>fuerit</strong></span> <span class='ocrx_word' id='word_1_299' title='bbox 654 2572 824 2613; x_wconf 77' lang='lat' dir='ltr'><strong>Ephesius3</strong></span> <span class='ocrx_word' id='word_1_300' title='bbox 852 2573 906 2604; x_wconf 82' lang='lat' dir='ltr'><strong>sed</strong></span> <span class='ocrx_word' id='word_1_301' title='bbox 931 2574 1009 2605; x_wconf 79' lang='lat' dir='ltr'><strong>hanc</strong></span> <span class='ocrx_word' id='word_1_302' title='bbox 1035 2574 1249 2614; x_wconf 78' lang='lat' dir='ltr'><strong>quaestionem</strong></span> <span class='ocrx_word' id='word_1_303' title='bbox 1272 2575 1499 2617; x_wconf 74' lang='lat' dir='ltr'><strong>quanticunque</strong></span> <span class='ocrx_word' id='word_1_304' title='bbox 1523 2586 1589 2608; x_wconf 89' lang='lat' dir='ltr'><strong>mo-</strong></span> 
     </span>
    </p>
   </div>
  </div>
 </body>
</html>
